% Encoding: UTF-8
%%%%%%%%%%%%%%%%%%%%%%%%%%%%%%

%%%%BIBLIOGRAPHIE 2020 CRH%%%%

%%%%%%%%%%%%%%%%%%%%%%%%%%%%%%

%%%%%% ARTICLES 2020 %%%%%%

@article{anheim2020a,
  author = {Anheim, Etienne},
  journal = {Etudes de Lettres},
  issuetitle = {Art et économie en France et en Italie au XIVe s.},
  title = {The Consumption of Italian Paintings in Avignon during the 14th Century},
  pages = {21–37},
  volume = {314},
  date  = {2020},
  language = {en},
  keywords = {article2020}
}
@article{baciocchi2020a,
  author = {Baciocchi, Stéphane and Bidet, Alexandra and Blavier, Pierre and Gayet-Viaud, Carole and Le Méner, Erwan},
  journal = {Sociologie},
  title = {Qui vient à Nuit Debout ? Paris, place de la République, avril-juin 2016. Trois méthodes pour une question},
  number = {3},
  pages = {251–266},
  volume = {11},
  date  = {2020},
  language = {fr},
  url   = {https://journals.openedition.org/sociologie/7248},
  keywords = {article2020}
}
@article{backouche2019a,
  author = {Backouche, Isabelle and Gensburger, S.},
  journal = {Le Mouvement Social},
  title = {Entendre l’histoire pour comprendre son élaboration : des bulles sonores à la webapp "passe-ici.fr"},
  issuetitle  = {(Re)conquérir des publics ? Les écritures de l’histoire sociale,},
  number = {269},
  pages = {117-132},
  date  = {2019},
  language = {fr},
  keywords = {article2020}
}
@article{backouche2020a,
  author = {Backouche, Isabelle and Gensburger, S.},
  journal = {Socio-anthropologie},
  title = {Rendre voix aux gens du passé. Entretien},
  issuetitle  = {Bruits et chuchotements,},
  number = {41},
  pages = {197–210},
  date  = {2020},
  editor = {Monjaret, Anne},
  language = {fr},
  keywords = {article2020}
}
@article{backouche2020b,
  author = {Backouche, Isabelle and Cosandey, Fanny and Duhamelle, Christophe and Ducreux, Marie-Élizabeth and Haddad, Élie and Marraud, Mathieu and Joly, Laurent},
  journal = {L’Atelier du Centre de recherches historiques},
  issuetitle = {Frontières, seuils, limites : histoire sociale des catégorisations},
  title = {Frontières, seuils, limites, histoire sociale des catégorisations. Introduction},
  note  = {numéro spécial},
  volume = {21},
  number = {bis},
  date  = {2020},
  language = {fr},
  url   = {https://journals.openedition.org/acrh/10717},
  doi = {10.4000/acrh.10717},
  keywords = {article2020}
}
@article{backouche2020c,
  author = {Backouche, Isabelle},
  title  = {Des Parisiens écrivent à l’administration. Le jeu des frontières sociales et spatiales (1920-1945)},
  editor = {Backouche, Isabelle and Cosandey, Fanny and Duhamelle, Christophe and Ducreux, Marie-Élizabeth and Haddad, Élie and Marraud, Mathieu and Joly, Laurent},
  journal = {L’Atelier du Centre de recherches historiques},
  issuetitle = {Frontières, seuils, limites : histoire sociale des catégorisations},
  note  = {numéro spécial},
  volume = {21},
  number = {bis},
  date  = {2020},
  language = {fr},
  url   = {https://journals.openedition.org/acrh/10717},
  doi = {10.4000/acrh.10717},
  keywords = {article2020}
}
@article{baumgarten2021a,
  author = {Baumgarten, Jean},
  journal = {Revue des études juives},
  title = {Exil et rédemption de la langue chez Rabbi Nahman de Bratslav},
  pages = {417–442},
  volume = {179},
  date  = {2021},
  language = {fr},
  keywords = {article2020}
}
@article{nicolas2020a,
  author = {Bérard, Jean and Sallée, Nicolas},
  journal = {Genèses},
  title = {Revenir sur les silences. Les violences sexuelles familiales (Québec, 1950-1980) et leur jugement des décennies après les faits},
  number = {120)},
  pages = {91–111},
  date  = {2020},
  volume = {3},
  language = {fr},
  keywords = {article2020}
}
@article{blanquie2020a,
  author = {Blanquie, Christophe},
  date  = {2020},
  editor = {Poirrier,Philippe and Le Page, Dominique},
  journal = {Historiens et romanciers, Territoires contemporains},
  volume = {12},
  language = {fr},
  title = {L’écriture au risque de l’histoire},
  url   = {http://tristan.u-bourgogne.fr/CGC/publications/historiens-et-romanciers/Christophe-Blanquie.https://www.overleaf.com/project/6008aa4585e80912538e86a8html},
  keywords = {article2020}
}
@article{blanquie2020b,
  author = {Blanquie, Christophe},
  journal = {Rabutinages},
  title = {La Tour dorée},
  pages = {5–97},
  volume = {21},
  date  = {2020},
  language = {fr},
  keywords = {article2020}
}
@article{blitstein2020a,
  author = {Blitstein, Pablo},
  journal = {International Journal of Asian Studies},
  title = {The administration of wealth. The concept of "economy" and the new epistemic foundations of statecraft in late imperial China (19th-early 20th century)},
  pages = {1–22},
  date  = {2020},
  language = {en},
  keywords = {article2020}
}
@article{blitstein2020b,
  author = {Blitstein, Pablo},
  journal = {The Historical Journal},
  title = {A Global History of the Multiple Renaissances},
  pages = {1–23},
  date  = {2020},
  language = {en},
  keywords = {article2020}
}
@article{bruhns2020a,
  author = {Bruhns, Hinnerk},
  journal = {Max Weber Studies},
  title = {The Pandemic and Max Weber},
  pages = {209–218},
  volume = {20},
  number = {2},
  date  = {2020},
  doi   = {10.15543/maxweberstudies.20.2.209},
  language = {de},
  keywords = {article2020}
}
@article{bruhns2020b,
  author = {Bruhns, Hinnerk},
  journal = {Scienza \& Politica},
  title = {Un successo della pace duraturo. Max Weber nella guerra mondiale},
  number = {63},
  pages = {63–86},
  volume = {XXXII},
  date  = {2020},
  doi   = {10.6092/issn.1825-9618/12069},
  language = {it},
  keywords = {article2020}
}
@article{carlos2020a,
  author = {Canal, Jordi and Espinosa, Carlos},
  journal = {Historia Crítica},
  title = {La memoria transnacional de Gabriel García Moreno: la imagen póstuma del caudillo católico en Ecuador, Francia y Roma (1875-1921)},
  pages = {3–23},
  volume = {75},
  date  = {2020},
  language = {es},
  keywords = {article2020}
}
@article{canal2020a,
  author = {Canal, Jordi},
  journal = {Revista de Occidente},
  title = {Benito Pérez Galdós y los invasores de papel : una polémica},
  pages = {25–41},
  volume = {473},
  date  = {2020},
  language = {es},
  keywords = {article2020}
}
@article{castelle2020a,
  author = {Castelle, Manon and Dillmann, Philippe and Vega, E. and Blanc-Riehl, Clément and Vilain, Ambre and Anheim, Etienne and Chastang, Pierre},
  journal = {Journal of Archaeological Science},
  title = {Seal the deal: An extensive study of European historical copper-based seal matrices using a multimodal protocol},
  volume = {113},
  date  = {2020},
  doi   = {10.1016/j.jas.2019.105061},
  language = {en},
  keywords = {article2020}
}
@article{cerutti2020a,
  author = {Cerutti, Simona},
  journal = {Quaderni Fiorentini per la storia del pensiero giuridico},
  title = {L’unità frammentata della cultura giuridica europea},
  volume = {XLIX},
  date  = {2020},
  language = {it},
  keywords = {article2020}
}
@article{chanoir2020a,
  author = {Chanoir, Yohann},
  journal = {Médiévales},
  title = {Un Moyen Âge en marge ? Périphéries, marginaux et singularité dans la série The Bastard Executioner},
  number = {78},
  pages = {115–127},
  date  = {2020},
  language = {fr},
  keywords = {article2020}
}
@article{chanoir2020b,
  author = {Chanoir, Yohann},
  journal = {Le Grand Continent},
  title = {Les Séries : un laboratoire pour l’historiographie},
  date  = {2020},
  language = {fr},
  url   = {https://legrandcontinent.eu/fr/2020/12/27/series-laboratoire-historiographie/},
  keywords = {article2020}
}
@article{chartier2020a,
  author = {Chartier, Roger},
  journal = {Estudios Sociales. Revista Universitaria Semestrial},
  title = {Presentismo del pasado},
  number = {1},
  pages = {61–74},
  volume = {58},
  date  = {2020},
  language = {es},
  keywords = {article2020}
}
@article{chartier2020b,
  author = {Chartier, Roger},
  journal = {Histoire et civilisation du livre},
  title = {Paradoxes d’un historien : Henri-Jean Martin},
  pages = {243–247},
  volume = {XVI},
  date  = {2020},
  language = {fr},
  keywords = {article2020}
}
@article{chartier2020c,
  author = {Chartier, Roger and Dujovne, Alejando},
  journal = {Texturas},
  title = {La edición en tiempos inciertos},
  pages = {13–24},
  volume = {43},
  date  = {2020},
  language = {es},
  keywords = {article2020}
}
@article{chartier2019a,
  author = {Chartier, Roger},
  journal = {Meridional},
  title = {Límites, prácticas y tensiones de una historiografía en construcción},
  note  = {Revista Chilena de Estudios Latinoamericanos},
  number = {13},
  pages = {197–217},
  date  = {2019-10/2020-03},
  language = {es},
  keywords = {article2020}
}
@article{cosandey2020a,
  author = {Cosandey, Fanny},
  title = {Quelles frontières entre public et privé ? Réflexions à partir du domaine royal},
  editor = {Backouche, Isabelle and Cosandey, Fanny and Duhamelle, Christophe and Ducreux, Marie-Élizabeth and Haddad, Élie and Marraud, Mathieu and Joly, Laurent},
  journal = {L’Atelier du Centre de recherches historiques},
  issuetitle = {Frontières, seuils, limites : histoire sociale des catégorisations},
  note  = {numéro spécial},
  volume = {21},
  number = {bis},
  date  = {2020},
  language = {fr},
  doi   = {10.4000/acrh.10678},
  url   = {https://doi.org/10.4000/acrh.10678},
  keywords = {article2020}
}
@article{debiais2020a,
  author = {Debiais, Vincent},
  booktitle = {Mélanges de l’École française de Rome},
  title  = {Espaces libérés du sens et de l’imagination. Quelques éléments de réflexion dans les inscriptions médiévales},
  issuetitle   = {Moyen Âge},
  pages  = {1–18},
  volume = {132},
  number = {1},
  date   = {2020},
  language = {fr},
  keywords = {article2020}
}
@article{debiais2020b,
  author = {Debiais, Vincent and Uberti, Morgane},
  journal = {Polygraphe(s). Approches métissées des actes graphiques},
  title = {Exposition Sendas epigráficas à la Casa de Velázquez},
  pages = {87–89},
  volume = {2},
  date  = {2020},
  language = {fr},
  keywords = {article2020}
}
@article{debiais2020c,
  author = {Debiais, Vincent and Senra, José Luis},
  title = {Memoria, panegírico y epigrafía: la condesa Teresa Peláez de Carrión (ob. 1093)},
  date = {2020},
  pages = {293–316},
  language = {es},
  journal = {Journal of Medieval Iberian Studies},
  keywords = {article2020}
}
@article{debiais2020d,
  author = {Debiais, Vincent},
  title = {Materialidades e Devoções (sécs. V-XV)},
  volume = {28},
  date = {2020},
  pages = {462–466},
  language = {pt},
  journal = {Medievalista},
  keywords = {article2020}
}
@article{delaurenti2020a,
  author = {Delaurenti, Béatrice and Guichard-Tesson, Françoise},
  journal = {Cahiers de Recherches Médiévales et Humanistes},
  title  = {Regards croisés sur la musique et la magie. Nicole Oresme et Évrart de Conty},
  issuetitle   = {Musique, 1100-1600},
  pages  = {237–262},
  volume = {39},
  date   = {2020},
  language = {fr},
  keywords = {article2020}
}
@article{delaurenti2020b,
  author = {Delaurenti, Béatrice},
  journal = {Cultures of Compunction in the Medieval World},
  publisher = {Bloomsbury Academic},
  title  = {William of Auvergne and Compunction. Describing the World through Metaphors},
  address = {Londres},
  editor = {Steenbrugge, Charlotte and Williams, Graham},
  pages  = {87–101},
  date   = {2020},
  language = {en},
  keywords = {article2020}
}
@article{desrosiers2019a,
  author = {Desrosiers, Sophie},
  journal = {L’Atelier du Centre de recherches historiques},
  title = {Scrutinizing Raw Material between China and Italy: The Various Processing Sequences of Bombyx mori silk},
  volume = {20},
  date  = {2019},
  doi   = {10.4000/acrh.10323},
  language = {fr},
  url   = {http://journals.openedition.org/acrh/10323},
  keywords = {article2020}
}
@article{dittmar2020a,
  author = {Dittmar, Pierre-Olivier},
  journal = {L’art du leurre, Billebaude},
  title = {Le désir et l’épouvante},
  pages = {32–38},
  volume = {16},
  date  = {2020},
  language = {fr},
  keywords = {article2020}
}
@article{dittmar2020b,
  author = {Dittmar, Pierre-Olivier},
  journal = {Techniques \& culture},
  issuetitle = {Semer le trouble},
  title = {Du mur de Post-It à l’ex-voto. Politique et stigmergie},
  pages = {152–153},
  volume = {74},
  date  = {2020},
  language = {fr},
  keywords = {article2020}
}
@article{dreyfuss2020a,
  author = {Dreyfuss, Mathias},
  journal = {Archives Juives. Revue d’histoire des Juifs de France},
  title = {D’une histoire séparée à une histoire intégrée ? Mise en archives et mise en récit de l’histoire des Juifs en France au XIXe siècle},
  number = {1},
  pages = {151–167},
  volume = {53},
  date  = {2020},
  doi   = {10.3917/aj1.531.0151},
  language = {fr},
  url   = {https://www.cairn.info/revue-archives-juives-2020-1-page-151.htm},
  keywords = {article2020}
}
@article{mathias2019a,
  author = {Dreyfuss, Mathias and Mano, Davide and Gasperoni, Michaël and Castaño, Javier},
  journal = {Quaderni storici, Rivista quadrimestrale},
  title = {A proposito di Gli ebrei nell’Italia medievale di Giacomo Todeschini},
  pages = {531–546,},
  volume = {2},
  date  = {2019},
  doi   = {10.1408/96910},
  language = {it},
  url   = {https://www.rivisteweb.it/doi/10.1408/96910},
  keywords = {article2020}
}
@article{ducreux2020a,
  author = {Ducreux, Marie-Élizabeth},
  journal = {History-Theory-Criticism — Dějiny-teorie-kritika},
  title = {Early Modern Mobilities and People on the Move: An Epistemological Challenge},
  volume = {1},
  pages = {9–35},
  date  = {2020},
  language = {cs},
  keywords = {article2020}
}
@article{duhamelle2020a,
  author = {Duhamelle, Christophe},
  title = {Confessions et frontières dans le Saint-Empire moderne : le Brandebourg, Minden et le calendrier en 1668},
  editor = {Backouche, Isabelle and Cosandey, Fanny and Duhamelle, Christophe and Ducreux, Marie-Élizabeth and Haddad, Élie and Marraud, Mathieu and Joly, Laurent},
  journal = {L’Atelier du Centre de recherches historiques},
  issuetitle = {Frontières, seuils, limites : histoire sociale des catégorisations},
  note  = {numéro spécial},
  volume = {21},
  number = {bis},
  date  = {2020},
  language = {fr},
  doi   = {10.4000/acrh.10754},
  url   = {http://journals.openedition.org/acrh/10754},
  keywords = {article2020}
}
@article{fauvechamoux2020a,
  author = {Fauve-Chamoux, Antoinette},
  journal = {Revue Roumaine d’Histoire},
  title = {A la croisée des disciplines, la démographie Historique},
  number = {1-4},
  pages = {89–110},
  volume = {LVII},
  date  = {2020},
  language = {fr},
  keywords = {article2020}
}
@article{fauvechamoux2020b,
  author = {Fauve-Chamoux, Antoinette},
  journal = {Studies in People’s History},
  title = {Collecting and analyzing marriage and birth data: Women in pre-revolution Rheims, France},
  number = {2},
  pages = {145–158},
  volume = {7},
  date  = {2020},
  language = {en},
  keywords = {article2020}
}
@article{fressoz2020a,
  author = {Fressoz, Jean-Baptiste},
  journal = {Regards croisés sur l’économie},
  title = {L’anthropocène est un "accumulocène"},
  number = {1},
  pages = {33},
  volume = {26},
  date  = {2020},
  language = {fr},
  keywords = {article2020}
}
@article{fressoz2020b,
  author = {Fressoz, Jean-Baptiste and Vincent, Julien},
  journal = {Romantisme},
  title = {"La Terre est un animal". Religion naturelle, cycle de l’eau et circulation monétaire pendant la Révolution},
  number = {189},
  pages = {19–30},
  date  = {2020},
  language = {fr},
  keywords = {article2020}
}
@article{fressoz2020c,
  author = {Fressoz, Jean-Baptiste},
  journal = {Annales historiques de la Révolution française},
  title = {Politiques de la nature au début de la révolution. Sens et fonctions de l’alerte environnementale, 1789-1793},
  number = {399},
  pages = {19–38},
  date  = {2020},
  language = {fr},
  keywords = {article2020}
}
@article{fridenson2020a,
  author = {Fridenson, Patrick},
  journal = {Revue d'histoire de la protection sociale},
  title = {Pour faire sens d'une longue histoire de réformes des retraites},
  number = {13},
  pages = {9–20},
  volume = {1},
  date  = {2020},
  language = {fr},
  keywords = {article2020}
}
@article{fridenson2020b,
  author = {Fridenson, Patrick},
  journal = {Relations internationales},
  title = {Clemens Heller et les échanges transatlantiques dans le domaine des sciences sociales et des institutions de la recherche},
  number = {181},
  pages = {65–85},
  volume = {1},
  date  = {2020},
  language = {fr},
  keywords = {article2020}
}
@article{fridenson2020c,
  author = {Fridenson, Patrick},
  journal = {Entreprises et Histoire},
  title = {Naissance d'une revue : Entreprises et Histoire},
  number = {100},
  pages = {139–143},
  volume = {3},
  date  = {2020},
  language = {fr},
  keywords = {article2020}
}
@article{goldberg2019a,
  author = {Goldberg, Sylvie Anne},
  journal = {Tsafon},
  title = {De la rhétorique romaine à la pratique chrétienne de l’antijudaïsme : lectures, interprétations et transmission des écrits de Flavius Josèphe},
  pages = {21–46},
  volume = {78},
  date  = {2019-10/2020-03},
  doi   = {10.4000/tsafon.2247},
  language = {fr},
  url   = {https://journals.openedition.org/tsafon/2247},
  keywords = {article2020}
}
@article{green2020a,
  author = {Green, Nancy L.},
  journal = {Clio. Femmes, Genre, Histoire},
  title = {Quatre âges des études migratoires},
  number = {1},
  pages = {185–206},
  volume = {51},
  date  = {2020},
  language = {fr},
  keywords = {article2020}
}
@article{grenier2020a,
  author = {Grenier, Jean-Yves},
  journal = {Korall},
  title = {Erkölcsi norma és politikai gazdaságtan (13-21. század) (Norme morale et économie politique, XIIIe-XXIe siècle)},
  pages = {5–29},
  volume = {81},
  date  = {2020},
  language = {hu},
  keywords = {article2020}
}
@article{haddad2020a,
  author = {Haddad, Élie},
  title = {Noblesse d’épée et noblesse de robe : espaces sociaux et frontières idéologiques},
  editor = {Backouche, Isabelle and Cosandey, Fanny and Duhamelle, Christophe and Ducreux, Marie-Élizabeth and Haddad, Élie and Marraud, Mathieu and Joly, Laurent},
  journal = {L’Atelier du Centre de recherches historiques},
  issuetitle = {Frontières, seuils, limites : histoire sociale des catégorisations},
  note  = {numéro spécial},
  volume = {21},
  number = {bis},
  date  = {2020},
  language = {fr},
  language = {fr},
  url   = {https://journals.openedition.org/acrh/10746},
  keywords = {article2020}
}
@article{gr2020a,
  author = {Grévin, Benoît},
  journal = {Philosophical Readings. Online journal of philosophy},
  title = {Le notaire, animal politique et parlant. Jalons pour une histoire des représentations de la fonction notariale (XIIIe-XIVe s.)},
  number = {12},
  pages = {72–85},
  volume = {1},
  date  = {2020},
  language = {fr},
  keywords = {article2020}
}
@article{gr2020b,
  author = {Grévin, Benoît},
  journal = {Brathair. Revista de estudos celtas e germânicos},
  title = {L’ars dictaminis et la poésie : questions théoriques et pratiques (XIe-XVe s.)},
  number = {20},
  pages = {26–53},
  volume = {1},
  date  = {2020},
  language = {fr},
  url   = {http:/ppg.revistas.uembr/index.php/brathair/article/view/2442},
  doi = {10.18817/brathair.v20i.2442},
  keywords = {article2020}
}
@article{gr2020c,
  author = {Grévin, Benoît},
  journal = {Medieval Encounters},
  title = {Late Medieval Translations of the Qur’ān (1450-1525) : Discontinuity or Cumulativeness ?},
  number = {26},
  pages = {477–506},
  date  = {2020},
  language = {en},
  keywords = {article2020}
}
@article{hachez-leroy2018b,
  author = {Hachez-Leroy, Florence and Abiteboul, Serge},
  journal = {L’informatique, Patrimoine industriel},
  title = {Quel patrimoine pour l’informatique ? Introduction au numéro},
  volume = {73},
  number = {2},
  pages = {8–19},
  date  = {2018},
  language = {fr},
  keywords = {article2020}
}
@article{hachezleroy2018a,
  author = {Hachez-Leroy, Florence and Paradinas, Pierre},
  journal = {L’informatique, Patrimoine industriel},
  title = {Musées et collections informatiques},
  volume = {73},
  pages = {26–35},
  date  = {2018},
  number = {2},
  language = {fr},
  keywords = {article2020}
}
@article{herment2019a,
  author = {Herment, Laurent},
  journal = {Storia e problemi contemporanei},
  title = {Alla ricerca di fertilizzanti. Le radici economiche dell’organizzazione politica degli interessi nella Francia settentrionale: il caso del Morbihan (1875-1914)},
  volume = {80},
  pages = {50–78},
  date  = {2019-01/2019-06},
  language = {it},
  keywords = {article2020}
}
@article{hubert2020a,
  author = {Hubert, Etienne},
  journal = {Archivio Storico Italiano},
  title = {L’accertamento dell’età personale nell’Italia comunale},
  number = {665},
  pages = {483–514},
  volume = {178},
  date  = {2020-03},
  language = {it},
  keywords = {article2020}
}
@article{ingold2020a,
  author = {Ingold, Alice},
  title = {Naturalizing the commons or historicizing the state? Commons, archives, and the uses of history in the nineteenth century},
  volume = {164},
  date = {2020},
  pages = {569–589},
  language = {en},
  journal = {Quaderni Storici},
  keywords = {article2020}
}
@article{joly2020a,
  author = {Joly, Laurent},
  title = {The Parisian Police and the Holocaust: Control, Round-ups, Hunt, 1940-4},
  volume = {55},
  date = {2020},
  pages = {557–578},
  language = {en},
  journal = {Journal of Contemporary History},
  number = {3},
  keywords = {article2020}
}
@article{joly2020b,
  author = {Joly, Laurent},
  journal = {Revue d’histoire de la Shoah},
  title = {Une correspondance sur Pierre Laval et la rafle du Vél’ d’Hiv en 1967. René de Chambrun, Claude Lévy, Joseph Kessel},
  number = {212},
  pages = {153–181},
  date  = {2020},
  language = {fr},
  keywords = {article2020}
}
@article{joly2020c,
  author = {Joly, Laurent},
  journal = {Revue d’histoire de la Shoah},
  title = {Introduction – Vichy, les Français et la Shoah : un état de la connaissance scientifique},
  number = {212},
  pages = {13–29},
  date  = {2020},
  language = {fr},
  keywords = {article2020}
}
@article{julian2020a,
  author = {Julian, Thibaut},
  journal = {Studi Francesi},
  title = {Les gratis de Napoléon : gloire et spectacles à Paris en temps de fête},
  pages = {278–293},
  date  = {2020-05},
  editor = {Piva, Franco and De Santis, Vincenzo and Perazzolo, Paola},
  language = {fr},
  keywords = {article2020}
}
@article{julian2020b,
  author = {Julian, Thibaut},
  journal = {Orages, Littérature et culture, 1760-1830},
  title = {Des peuples et des rois. Révoltes théâtrales sous le règne de Louis XVI},
  number = {19},
  pages = {43–59},
  date  = {2020},
  editor = {Ritz, Olivier and Marchand, Sophie},
  language = {fr},
  keywords = {article2020}
}
@article{patrick2020a,
  author = {Fridenson, Patrick and Kott, Sandrine},
  journal = {Sociétés politiques comparées},
  title = {Autonomie des individus, rapports sociaux de domination et dictatures de masse. Les apports d’Alf Lüdtke, historien braconnier},
  number = {50},
  pages = {1–7},
  volume = {1},
  date  = {2020},
  language = {fr},
  keywords = {article2020}
}
@article{lebras2020a,
  author = {Le Bras, Hervé and Lazzaroti, Olivier},
  journal = {Annales de géographie},
  title = {Rencontre},
  pages = {101–112},
  volume = {129},
  number = {735},
  date  = {2020-09},
  language = {fr},
  keywords = {article2020}
}
@article{lebras2020b,
  author = {Le Bras, Hervé},
  journal = {Cités},
  title = {La population n’est plus le problème},
  pages = {33–45},
  volume = {82},
  date  = {2020},
  language = {fr},
  keywords = {article2020}
}
@article{sylvain2020a,
  author = {Piron, Sylvain and Le Huërou, Armelle},
  journal = {Oliviana},
  title = {Une prière attribuée à Conrad d’Offida},
  volume = {6},
  date  = {2020},
  language = {fr},
  url   = {https://journals.openedition.org/oliviana/943},
  keywords = {article2020}
}
@article{lerouxth2020a,
  author = {Le Roux, Thomas},
  journal = {Annales Historiques de la Révolution Française},
  title = {Mines et environnement en France, 1740-1820. Le filon des concessions},
  volume = {399},
  number = {1},
  pages = {39–67},
  date  = {2020},
  language = {fr},
  keywords = {article2020}
}
@article{lerouxth2020d,
   author = {Le Roux, Thomas},
   title = {Mines and environment in France, 1740-1820. The concession "vein"},
   journal = {Annales historiques de la Révolution française},
   volume = {399},
   number = {1},
   date = {2020},
   note = {traduction anglaise},
   url = {https://www.cairn-int.info/journal-annales-historiques-de-la-revolution-francaise-2020-1-page-39.htm },
   language = {en}
   }
@article{lerouxth2020b,
  author = {Le Roux, Thomas},
  journal = {Ecologie et politique},
  title = {L’invention du gaspillage : métabolisme, déchets et histoire},
  number = {60},
  pages = {31–45},
  date  = {2020},
  language = {fr},
  keywords = {article2020}
}
@article{leroux2020c,
  author = {Le Roux, Thomas},
  journal = {Z Revue itinérante d’enquête et de critique sociale},
  title = {La fabrique de l’impunité industrielle. Comment l’économie est devenue plus importante que la santé},
  number = {13},
  pages = {66–73},
  date  = {2020},
  language = {fr},
  keywords = {article2020}
}
@article{leroux2020a,
  author = {Leroux, Flavie},
  journal = {Bulletin du Centre de recherche du château de Versailles},
  title = {Les historiens et le mythe de Versailles en Europe, des années 60 à nos jours},
  date  = {2020-10-16},
  doi   = {10.4000/crcv.18247},
  language = {fr},
  url   = {http://journals.openedition.org/crcv/18247},
  keywords = {article2020}
}
@article{leroux2020b,
  author = {Leroux, Flavie},
  journal = {Marly, art et patrimoine},
  title = {Visiteurs de Versailles, un panorama des regards portés depuis l’étranger sur Versailles et Marly},
  number = {14},
  pages = {64–65},
  date  = {2020},
  language = {fr},
  keywords = {article2020}
}
@article{lilti2020a,
  author = {Lilti, Antoine},
  journal = {International Journal for History, Culture and Modernity},
  title  = {In the Shadow of the Public : Enlightenment and the Pitfalls of Modernity},
  number = {3-4},
  pages  = {256–277},
  volume = {8},
  date   = {2020},
  language = {en},
  publisher = {Brill},
  keywords = {article2020}
}
@article{lilti2020b,
  author = {Lilti, Antoine},
  journal = {Sensibilités, Histoire critique et sciences sociales},
  title = {Les droits de l’homme et la fiction sentimentale},
  issuetitle  = {La chair du politique},
  pages = {134–143},
  volume = {7},
  date  = {2020},
  language = {fr},
  keywords = {article2020}
}
@article{lilti2020c,
  author = {Lilti, Antoine},
  journal = {Littera},
  title = {Le spectre de la multitude : les écrivains des Lumières et leur public},
  pages = {89–100},
  volume = {5},
  date  = {2020},
  language = {fr},
  keywords = {article2020}
}
@article{lilti2020d,
  author = {Lilti, Antoine},
  journal = {Lumières. Histoire, Littératures, Philosophie},
  title = {L’héritage des Lumières. Entretien},
  number = {35},
  pages = {149–158},
  date  = {2020},
  language = {fr},
  keywords = {article2020}
}
@article{locher2020a,
  author = {Locher, Fabien},
  journal = {The Historical Journal},
  title = {Neo-malthusian Environmentalism, World Fisheries Crisis and the Global commons, 1950s-1970s},
  number = {1},
  pages = {187–207},
  volume = {63},
  date  = {2020-02},
  language = {en},
  keywords = {article2020}
}
@article{loriga2020a,
  author = {Loriga, Sabina and Hirsch, Thomas and Abel, Olivier},
  journal = {Passés futurs},
  title = {Ce que les artistes font à l’histoire},
  pages = {8},
  date  = {2020},
  language = {fr},
  url   = {https://www.politika.io/fr/notice/ce-que-artistes-font-a-lhistoire},
  keywords = {article2020}
}
@article{loriga2020b,
  author = {Loriga, Sabina},
  journal = {Estudios Sociales. Revista universitaria semestral},
  title = {El contexto sin borde según Jacques Derrida},
  number = {58},
  pages = {119–139},
  volume = {30},
  date  = {2020},
  language = {es},
  keywords = {article2020}
}
@article{loriga2020c,
  author = {Loriga, Sabina},
  journal = {Passés Futurs},
  title = {Désir de fascisme ?},
  volume = {7},
  date  = {2020},
  language = {fr},
  url   = {https://www.politika.io/fr/notice/desir-fascisme},
  keywords = {article2020}
}
@article{alejandro2020a,
  author = {Luna, Pablo F. and Tortolero, Alejandro},
  journal = {Etudes Rurales},
  title = {Les voies de la croissance agricole (XVIIIe – XXe siècle)},
  pages = {12–21},
  volume = {205},
  date  = {2020},
  language = {fr},
  keywords = {article2020}
}
@article{luna2020a,
  author = {Luna, Pablo F.},
  journal = {Etudes Rurales},
  title = {Capitalisme et relations de travail dans les haciendas du monde andin (XIXe – XXe siècle)},
  pages = {116–139},
  volume = {205},
  date  = {2020},
  language = {fr},
  keywords = {article2020}
}
@article{mane2020a,
  author = {Mane, Perrine},
  journal = {L’homme et la mesure, Histoire et mesure},
  title = {Représentations iconographiques de quelques instruments de mesure dans le Livre des échecs de Jacques de Cessoles},
  pages = {127–145},
  volume = {XXXV},
  number = {1},
  date  = {2020},
  language = {fr},
  keywords = {article2020}
}
@article{marraud2020a,
  author = {Marraud, Mathieu},
  journal = {Frontières, seuils, limites : histoire sociale des catégorisations},
  title = {Privilège frontalier et exercice corporatif, les métiers parisiens aux XVIIe et XVIIIe siècles},
  editor = {Backouche, Isabelle and Cosandey, Fanny and Duhamelle, Christophe and Ducreux, Marie-Élizabeth and Haddad, Élie and Marraud, Mathieu and Joly, Laurent},
  journal = {L’Atelier du Centre de recherches historiques},
  issuetitle = {Frontières, seuils, limites : histoire sociale des catégorisations},
  note  = {numéro spécial},
  volume = {21},
  number = {bis},
  date  = {2020},
  language = {fr},
  doi   = {10.4000/acrh.10748},
  language = {fr},
  url   = {http://journals.openedition.org/acrh/10748},
  keywords = {article2020}
}
@article{maurice2020a,
  author = {Maurice, Philippe},
  journal = {Revue du Gévaudan, des Causses et Cévennes},
  title = {Les capitaines issus du peuple, pendant les guerres de religion, au XVIe siècle, en Gévaudan},
  number = {49},
  pages = {51–70},
  date  = {2020},
  language = {fr},
  keywords = {article2020}
}
@article{zalc2018a,
  author = {Zalc, Claire and Mercklé, Pierre},
  journal = {Annales. Histoire, Sciences Sociales},
  title = {Peut-on modéliser la persécution ? Apports et limites des approches quantifiées sur le terrain de la Shoah},
  note  = {paru en 2020},
  pages = {923–957},
  volume = {73},
  number = {4},
  date  = {2018},
  language = {fr},
  url   = {https://www.cairn.info/revue-annales-2018-4-page-923.htm},
  keywords = {article2020}
}
@article{monnet2020a,
  author = {Monnet, Pierre},
  journal = {Hemecht},
  title = {Charles IV : quel roi, quel individu ?},
  number = {4},
  pages = {423–456},
  volume = {72},
  date  = {2020},
  language = {fr},
  keywords = {article2020}
}
@article{morera2019a,
  author = {Morera, Raphaël},
  title = {Measuring Water Flow in Eighteenth-Century France: The Role of Protected Manufacturers},
  publisher = {EHESS},
  date = {2019},
  volume = {XXXIV},
  pages = {9–30},
  language = {en},
  journal = {Histoire \& Mesure},
  number = {2},
  keywords = {article2020}
}
@article{muchnik2020a,
  author = {Muchnik, Natalia and Bretschneider, Falk},
  journal = {Socio},
  title = {Pour une vision globale de la prison},
  pages = {7–18},
  volume = {14},
  date  = {2020},
  language = {fr},
  keywords = {article2020}
}
@article{piron2020a,
  author = {Piron, Sylvain},
  journal = {Oliviana},
  title = {Olivi et Clareno. Une rencontre à L’Aquila},
  volume = {6},
  date  = {2020},
  language = {fr},
  url   = {https://journals.openedition.org/oliviana/990},
  keywords = {article2020}
}
@article{piron2020b,
  author = {Piron, Sylvain},
  journal = {Oliviana},
  title = {Chronologie des écrits de Pierre de Jean Olivi},
  volume = {6},
  date  = {2020},
  language = {fr},
  url   = {https://journals.openedition.org/oliviana/1035},
  keywords = {article2020}
}
@article{pitteloud2020a,
  author = {Pitteloud, Cyrian},
  journal = {Cipango, Cahier d’études japonaises},
  title = {La Commission d’enquête sur la pollution minière d’Ashio de 1897 et ses enjeux : du laissez-faire à la prise en main étatique d’une crise environnementale},
  pages = {207–245,},
  volume = {23},
  date  = {2020},
  doi   = {10.4000/cipango.3833},
  language = {fr},
  url   = {http://journals.openedition.org/cipango/3833},
  keywords = {article2020}
}
@article{pitteloud2020b,
  author = {Pitteloud, Cyrian},
  journal = {Revue d’histoire du XIXe siècle},
  title = {Dénoncer la catastrophe, de la fin du XIXe siècle à Fukushima},
  pages = {193–195,},
  volume = {60},
  date  = {2020},
  doi   = {10.4000/rh19.6907},
  language = {fr},
  url   = {http://journals.openedition.org/rh19/6907},
  keywords = {article2020}
}
@article{polodebeaulieu2020a,
  author = {Polo de Beaulieu, Marie Anne},
  journal = {Cahiers de Fanjeaux},
  title = {La violence dans les exempla méridionaux du XIIIe siècle},
  issuetitle  = {L’Eglise et la violence (Xe-XIIIe siècle)},
  pages = {193–213},
  volume = {54},
  date  = {2020},
  language = {fr},
  keywords = {article2020}
}
@article{pouspin2020a,
  author = {Pouspin, Marion},
  journal = {Le Verger (Cornucopia)},
  title = {Les pièces gothiques : la naissance de l’imprimé à large circulation},
  issuetitle  = {Bouquet XXI : Le monde de l’imprimé},
  date  = {2020},
  language = {fr},
  url   = {http://cornucopia16.com/blog/2020/12/27/marion-pouspin-les-pieces-gothiques-la-naissance-de-limprime-a-large-circulation/},
  keywords = {article2020}
}
@article{revel2020a,
  author = {Revel, Jacques},
  journal = {Quaderni Storici},
  title = {Casuistica : l’eccezione e la regola},
  pages = {477–488},
  volume = {54},
  number = {2},
  date  = {2020},
  language = {it},
  keywords = {article2020}
}
@article{revel2020b,
  author = {Revel, Jacques},
  journal = {Estudios Sociales},
  title = {Escala y discontinuitad},
  pages = {141–153},
  volume = {XXX},
  number = {2},
  date  = {2020},
  language = {es},
  keywords = {article2020}
}
@article{roullet2020a,
  author = {Roullet, Antoine},
  journal = {Archives des Sciences Sociales des Religions},
  title = {Le coût de la grâce. La gestion pieuse des donations d’une duchesse castillane},
  pages = {141–163},
  volume = {191},
  date  = {2020},
  language = {fr},
  keywords = {article2020}
}
@article{scherrer2020a,
  author = {Scherrer, Jutta},
  journal = {Vestnik školy graždanskogo prosveščenija},
  title = {Sovetskij i rossijskij gumanizm. Istorija polnjatija},
  number = {78},
  pages = {22–32},
  volume = {1},
  date  = {2020},
  language = {sl},
  keywords = {article2020}
}
@article{schmitt2020a,
  author = {Schmitt, Jean-Claude},
  journal = {Sociétés \& Représentations},
  title = {Crieurs, cloches, chants et voix d’outre-tombe : les sons au Moyen Âge},
  number = {1},
  pages = {27–48},
  volume = {49},
  date  = {2020},
  language = {fr},
  keywords = {article2020}
}
@article{sebastiani2020a,
  author = {Sebastiani, Silvia},
  journal = {Cahiers d'Histoire. Revue d'histoire critique},
  title = {Temps, progrès et races dans les Lumières écossaises},
  issuetitle  = {La Fabrique européenne de la race (17e-20e siècles)},
  pages = {27–46},
  volume = {146},
  date  = {2020},
  language = {fr},
  keywords = {article2020}
}
@article{sebastiani2020b,
  author = {Sebastiani, Silvia},
  journal = {Nuevo Mundo Mundos Nuevos},
  title = {Cuando América entró en la "disputa del Nuevo Mundo": la escritura de la historia y la formación de las disciplinas a través del Atlántico (1770-1810)},
  date  = {2020-02},
  language = {es},
  url   = {http://journals.openedition.org/nuevomundo/79176},
  keywords = {article2020}
}
@article{sebastiani2020c,
  author = {Sebastiani, Silvia},
  journal = {Revue de la Bibliothèque nationale de France},
  title = {Singeries des Lumières : race et esclavage},
  issuetitle  = {Singeries. A la frontière de l’humain},
  pages = {85–93},
  volume = {61},
  date  = {2020},
  language = {fr},
  keywords = {article2020}
}
@article{scioldo-zurcher2020a,
  author = {Scioldo-Zurcher, Yann},
  journal = {Revue européenne des migrations internationales},
  title = {Autopsie d’une Agence d’émigration : étude des pratiques administratives du département de la Alya de l’Agence juive pour Israël, 1948-1960},
  pages = {11–29},
  volume = {36},
  date  = {2020},
  language = {fr},
  keywords = {article2020}
}
@article{stanziani2020a,
  author = {Stanziani, Alessandro},
  title = {Utilitarianism and the Question of Free Labour in Russia and India, 1750-1914},
  volume = {1-2},
  date = {2020},
  pages = {1–19},
  language = {en},
  journal = {The International Journal of Asian Studies},
  keywords = {article2020}
}
@article{steinberg2020a,
  author = {Steinberg, Sylvie},
  journal = {Clio. Femmes, Genre, Histoire},
  title = {Lire et interpréter les récits de viols dans les archives judiciaires},
  pages = {163–193},
  volume = {52},
  date  = {2020},
  language = {fr},
  keywords = {article2020}
}
@article{valensi2020a,
  author = {Valensi, Lucette},
  journal = {Cahiers d'études africaines},
  title = {Yvette Trabut. Voyage en Afrique},
  number = {238},
  date  = {2020},
  language = {fr},
  keywords = {article2020}
}
@article{varet-vitu2020a,
  author = {Varet-Vitu, Anne and Mermet, Eric and Marraud, Mathieu},
  journal = {Histoire Urbaine},
  title = {Spatialités sociales à Paris à la veille de la Révolution, les apports d’un système d’information géographique},
  number = {58},
  pages = {157–186},
  date  = {2020},
  language = {fr},
  keywords = {article2020}
}
@article{veg2020a,
  author = {Veg, Sebastian},
  journal = {Critical Inquiry},
  title = {Resisting Enchantment, Questioning Aestheticism: Modern Chinese Literature and the Public Sphere},
  number = {3},
  pages = {536–554},
  volume = {46},
  date  = {2020},
  language = {en},
  keywords = {article2020}
}
@article{vincent2020a,
  author = {Vincent, Bernard},
  journal = {Vínculos de Historia},
  title = {El hispanismo francés y la Historia Moderna de la monarquía hispánica},
  number = {9},
  pages = {78–91},
  date  = {2020},
  language = {es},
  keywords = {article2020}
}
@article{vincent2020b,
  author = {Vincent, Bernard},
  journal = {Les Cahiers du Framespa},
  title = {Les frontières méditerranéennes de l'islam},
  volume = {hors-série n° 1},
  date  = {2020},
  editor = {Gaudin, Guillaume and Bertrand, Michel},
  language = {fr},
  keywords = {article2020}
}
@article{vincent2020c,
  author = {Vincent, Bernard},
  journal = {Les langues néo-latines},
  title = {Les deux Espagnes de Marcel Bataillon et Robert Ricard},
  number = {392},
  pages = {73–109},
  date  = {2020-03},
  language = {fr},
  keywords = {article2020}
}
@article{vincent2020d,
  author = {Vincent, Bernard},
  journal = {Mélanges de la Casa de Velázquez, nouvelle série},
  title  = {Marcel Bataillon à Mexico : la conférence de 1948 sur Érasme et l'érasmisme},
  volume  = {50},
  number = {1},
  pages = {51-74},
  date   = {2020-04},
  language = {fr},
  keywords = {article2020}
}
@article{zalc2020b,
  author = {Zalc, Claire},
  title = {Discretionary Power in the Hands of an Authoritarian State: A Study of Denaturalizations under the Vichy Regime (1940-1944)},
  publisher = {University of Chicago Press},
  date = {2020-12},
  volume = {92},
  number = {4},
  pages = {817–858},
  doi = {10.1086/711477},
  language = {en},
  journal = {The Journal of Modern History},
  keywords = {article2020}
}