@article{Hemardinquer942-1957,
    author = {Hemardinquer, Jean-Jacques},
    title = {A propos du procès d'hérésie contre Aimé Meigret (Grenoble, 1524)},
    journal = {Bibliothèque d'Humanisme et Renaissance. Travaux et documents},
    year = 1957,
    language = {français},
    keywords = {art-crh, crh-1957}
    }

