@article{Hemardinquer910-1958,
    author = {Hemardinquer, Jean-Jacques},
    title = {Capitalisme bâlois et histoire bancaire},
    journal = {Annales E.S.C.},
    year = 1958,
    language = {français},
    keywords = {art-crh, crh-1958}
    }

@article{Hemardinquer943-1958,
    author = {Hemardinquer, Jean-Jacques},
    title = {Les prisons d'un poète, Charles de Sainte-Marthe (1537-1543)},
    journal = {Bibliothèque d'Humanisme et Renaissance. Travaux et documents},
    year = 1958,
    language = {français},
    keywords = {art-crh, crh-1958}
    }

@article{Hemardinquer944-1958,
    author = {Hemardinquer, Jean-Jacques},
    title = {Les Vaudois du Dauphiné de la résistance à l'insurrection (d'après des documents inédits)},
    journal = {Bollettino della Società di Studi valdesi(Torre-Pellice),},
    year = 1958,
    language = {français},
    keywords = {art-crh, crh-1958}
    }

