@article{Hemardinquer912-1959,
    author = {Hemardinquer, Jean-Jacques},
    title = {Crédit industriel et spéculation à Toulouse : le cas Boyer-Fonfrède},
    journal = {Annales du Midi},
    year = 1959,
    language = {français},
    keywords = {art-crh, crh-1959}
    }

