@article{Hemardinquer897-1961,
    author = {Hemardinquer, Jean-Jacques},
    title = {En France aujourd'hui : données quantitatives sur les consommations alimentaires},
    journal = {Annales E.S.C.},
    year = 1961,
    language = {français},
    keywords = {art-crh, crh-1961}
    }

@article{Hemardinquer902-1961,
    author = {Hemardinquer, Jean-Jacques},
    title = {Machines parlantes du XVIIIe siècle},
    journal = {Revue du Son},
    year = 1961,
    language = {français},
    keywords = {art-crh, crh-1961}
    }

@article{Hemardinquer903-1961,
    author = {Hemardinquer, Jean-Jacques},
    title = {Avant les machines parlantes, les machines qui parlent},
    journal = {Photo-Cinéma},
    year = 1961,
    language = {français},
    keywords = {art-crh, crh-1961}
    }

@article{Hemardinquer925-1961,
    author = {Hemardinquer, Jean-Jacques},
    title = {Affaires et politique sous la monarchie censitaire.  Un libéral : F.-B. Boyer-Fonfrède (1767-1845)},
    journal = {Annales du Midi},
    year = 1961,
    language = {français},
    keywords = {art-crh, crh-1961}
    }

@article{Hemardinquer947-1961,
    author = {Hemardinquer, Jean-Jacques},
    title = {Droit et histoire. La question des biens protestants au XVIIIe siècle},
    journal = {Annales E.S.C.},
    year = 1961,
    language = {français},
    keywords = {art-crh, crh-1961}
    }

@article{Hemardinquer948-1961,
    author = {Hemardinquer, Jean-Jacques},
    title = {Un correspondant de Calvin},
    journal = {Bulletin de la Société de l'histoire du protestantisme français},
    year = 1961,
    language = {français},
    keywords = {art-crh, crh-1961}
    }

@article{Peter973-1961,
    author = {Peter, Jean-Pierre},
    title = {Dimensions de l'Affaire Dreyfus},
    journal = {Annales E.S.C.},
    year = 1961,
    language = {français},
    keywords = {art-crh, crh-1961}
    }

