@article{Dauphin894-1968,
    author = {Dauphin-Memeteau, Cécile and E.Le Roy Ladurie},
    title = {Archives militaires pour l'histoire sociale},
    journal = {Information sur les Sciences Sociales},
    year = 1968,
    language = {français},
    keywords = {art-crh, crh-1968}
    }

@article{Hemardinquer900-1968,
    author = {Hemardinquer, Jean-Jacques},
    title = {Note sur l'alimentation (urbaine) à la fin du XVIIIe siècle},
    journal = {Annales E.S.C.},
    year = 1968,
    language = {français},
    keywords = {art-crh, crh-1968}
    }

@article{Hemardinquer928-1968,
    author = {Hemardinquer, Jean-Jacques},
    title = {Faux néologisme : décolonisation, ingénieur},
    journal = {Vie et langage},
    year = 1968,
    language = {français},
    keywords = {art-crh, crh-1968}
    }

@article{Jeannin955-1968,
    author = {Jeannin, Pierre},
    title = {Sur la suppression de l'Ecole Normale, 1822},
    journal = {Revue d'histoire moderne et contemporaine},
    year = 1968,
    language = {français},
    keywords = {art-crh, crh-1968}
    }

@article{Jeannin956-1968,
    author = {Jeannin, Pierre},
    title = {En Europe du Nord : sources et travaux d'histoire commerciales},
    journal = {Annales E.S.C.},
    year = 1968,
    language = {français},
    keywords = {art-crh, crh-1968}
    }

@article{Peter981-1968,
    author = {Peter, Jean-Pierre and P. Coulomb and J. Favret},
    title = {Le bonheur de la liberté},
    journal = {Esprit},
    year = 1968,
    language = {français},
    keywords = {art-crh, crh-1968}
    }

@article{Goy1027-1968,
    author = {Goy, Joseph},
    title = {Dîmes, rendements, états des récoltes et revenu agricole réel},
    journal = {Studi Storici},
    year = 1968,
    language = {français},
    keywords = {art-crh, crh-1968}
    }

@article{Launay1028-1968,
    author = {Launay, M and ROCHE,D.},
    title = {Vers une analyse historique de la correspondance de J.-J. Rousseau},
    journal = {Revue historique},
    year = 1968,
    language = {français},
    keywords = {art-crh, crh-1968}
    }

@article{LeGoff1029-1968,
    author = {Le Goff, Jacques},
    title = {Apostolat mendiant et fait urbain dans la France médiévale},
    journal = {Annales E.S.C.},
    year = 1968,
    language = {français},
    keywords = {art-crh, crh-1968}
    }

@article{LeRoyLadurie1030-1968,
    author = {Le Roy Ladurie, Emmanuel},
    title = {Les comptes fantastiques de Grégory King},
    journal = {Annales E.S.C.},
    year = 1968,
    language = {français},
    keywords = {art-crh, crh-1968}
    }

@article{Richet1035-1968,
    author = {Richet, Denis},
    title = {Croissance et blocage en France du XVe au XVIIIe siècles},
    journal = {Annales E.S.C.},
    year = 1968,
    language = {français},
    keywords = {art-crh, crh-1968}
    }

@article{Roche1037-1968,
    author = {Roche, Daniel and LAUNAY,M},
    title = {Vers une analyse historique de la correspondance de J.-J. Rousseau},
    journal = {Revue historique},
    year = 1968,
    language = {français},
    keywords = {art-crh, crh-1968}
    }

@article{Vernant1038-1968,
    author = {Vernant, Jean-Pierre},
    title = {Historique et structure de la religion romaine archaïque},
    journal = {L'Homme},
    year = 1968,
    language = {français},
    keywords = {art-crh, crh-1968}
    }

@article{Vernant1039-1968,
    author = {Vernant, Jean-Pierre},
    title = {Structure géométrique et notions politiques dans la cosmologie d'Anaximandre},
    journal = {Eirene},
    year = 1968,
    language = {français},
    keywords = {art-crh, crh-1968}
    }

@article{Vidal-Naquet1042-1968,
    author = {Vidal-Naquet, Pierre},
    title = {Le chasseur noir et l'origine de l'éphébie athénienne},
    journal = {Annales E.S.C.},
    year = 1968,
    language = {français},
    keywords = {art-crh, crh-1968}
    }

@article{Hemardinquer1121-1968,
    author = {Hemardinquer, Jean-Jacques},
    title = {Les inventions médiévales},
    journal = {Bulletin historique et philologique du C.T.H.S.},
    year = 1968,
    language = {français},
    keywords = {art-crh, crh-1968}
    }

@book{Guillou5667-1968,
    author = {Guillou, André},
    title = {Saint Nicolas de Donnose (1031-1061)},
    publisher = {},
    series = {},
    location = {Cité du Vatican},
    year = 1968,
    pagetotal = {},
    language = {français},
    keywords = {book-crh, crh-1968}
    }

@inproceedings{Peter982-1968,
    author = {Peter, Jean-Pierre},
    editor = {},
    title = {Pourquoi les étudiants},
    booktitle = {L'Homme et la société},
    publisher = {},
    location = {},
    year = 1968,
    pagetotal = {},
    language = {français},
    keywords = {inproceedings-crh, crh-1968}
    }

@inproceedings{Vidal-Naquet1041-1968,
    author = {Vidal-Naquet, Pierre},
    editor = {},
    title = {The Black hunter and the origin of the Athenian Ephebia},
    booktitle = {Proceedings of the Cambridge Philological Society},
    publisher = {},
    location = {},
    year = 1968,
    pagetotal = {16},
    language = {anglais},
    keywords = {inproceedings-crh, crh-1968}
    }

@incollection{Jeannin518-1968,
    author = {Jeannin, Pierre},
    editor = {M. Mollat},
    title = {Le marché du sel marin dans l'Europe du Nord du XVIe au XVIIIe siècles},
    booktitle = {le rôle du sel dans l'histoire},
    publisher = {Publications de la Sorbonne},
    location = {Paris},
    year = 1968,
    pagetotal = {22},
    language = {français},
    keywords = {collectif-crh, crh-1968}
    }

