@article{Klapisch967-1972,
    author = {Klapisch-Zuber, Christiane},
    title = {Sources et méthodes de la démographie médiévale. Le catasto florentin de 1427-1430},
    journal = {Annales de la Faculté des Lettres et Sciences Humaines de Nice},
    year = 1972,
    language = {français},
    keywords = {art-crh, crh-1972}
    }

@article{Klapisch969-1972,
    author = {Klapisch-Zuber, Christiane and M. Demonet},
    title = {"A uno pane e uno vino." La famille rurale toscane au début du XVe siècle},
    journal = {Annales E.S.C.},
    year = 1972,
    language = {français},
    keywords = {art-crh, crh-1972}
    }

@article{Peter984-1972,
    author = {Peter, Jean-Pierre},
    title = {Ogres d'archives},
    journal = {Nouvelle Revue de Psychanalyse},
    year = 1972,
    language = {français},
    keywords = {art-crh, crh-1972}
    }

@article{Antoniadis1099-1972,
    author = {Antoniadis-Bibicou, Hélène},
    title = {Démographie, Salaires et prix à Byzance au XIe siècle},
    journal = {Annales E.S.C.},
    year = 1972,
    language = {français},
    keywords = {art-crh, crh-1972}
    }

@article{Bergeron1103-1972,
    author = {Bergeron, Louis},
    title = {Douglas, Ternaux, Cockerill : aux origines de la mécanisation de l'industrie lainière de France},
    journal = {Revue historique},
    year = 1972,
    language = {français},
    keywords = {art-crh, crh-1972}
    }

@article{Braunstein1108-1972,
    author = {Braunstein, Philippe},
    title = {Livres de comptes et routes commerciales dans les Alpes orientales et les Balkans au XVIe siècle},
    journal = {Annales E.S.C.},
    year = 1972,
    language = {français},
    keywords = {art-crh, crh-1972}
    }

@article{Braunstein1109-1972,
    author = {Braunstein, Philippe},
    title = {Le fer et la production du fer en Europe de 500 à 1500},
    journal = {Annales E.S.C.},
    year = 1972,
    language = {français},
    keywords = {art-crh, crh-1972}
    }

@article{Jeannin1123-1972,
    author = {Jeannin, Pierre},
    title = {Une histoire planétaire de la civilisation matérielle},
    journal = {Annales E.S.C.},
    year = 1972,
    language = {français},
    keywords = {art-crh, crh-1972}
    }

@article{Demonet5654-1972,
    author = {Demonet, Michel and C.Klapisch},
    title = {"A uno pane et uno vino". Structure et développement de la famille rurale en Toscane (début du XVe siècle)},
    journal = {Annales E.S.C.},
    year = 1972,
    language = {français},
    keywords = {art-crh, crh-1972}
    }

@book{Bergeron891-1972,
    author = {Bergeron, Louis},
    title = {Le Monde et Son Histoire. Les Révolutions Européennes et le Partage du Monde. 1815-1914.},
    publisher = {Bordas et Laffont},
    series = {},
    location = {Paris},
    year = 1972,
    pagetotal = {},
    language = {français},
    keywords = {book-crh, crh-1972}
    }

@book{Schnapper991-1972,
    author = {Schnapper, Dominique},
    title = {Le Système administratif},
    publisher = {Mouton},
    series = {},
    location = {Paris-La-Haye},
    year = 1972,
    pagetotal = {},
    language = {français},
    keywords = {book-crh, crh-1972}
    }

@book{Vernant1137-1972,
    author = {Vernant, Jean-Pierre and P. Vidal-Naquet.},
    title = {Mythe et Tragédie en Grèce ancienne},
    publisher = {Maspero},
    series = {},
    location = {Paris},
    year = 1972,
    pagetotal = {},
    language = {français},
    keywords = {book-crh, crh-1972}
    }

@book{Vidal-Naquet1141-1972,
    author = {Vidal-Naquet, Pierre and J.-P. Vernant.},
    title = {Mythe et Tragédie en Grèce Ancienne},
    publisher = {Maspero(Collection Textes à l'appui - Série classique)},
    series = {},
    location = {Paris},
    year = 1972,
    pagetotal = {},
    language = {français},
    keywords = {book-crh, crh-1972}
    }

@book{Vidal-Naquet1142-1972,
    author = {Vidal-Naquet, Pierre and M. Austin},
    title = {Economie et Société en Grèce Ancienne},
    publisher = {Armand Colin (Collection U2)},
    series = {},
    location = {Paris},
    year = 1972,
    pagetotal = {},
    language = {français},
    keywords = {book-crh, crh-1972}
    }

@book{Aron5633-1972,
    author = {Aron, Jean-Paul and P.Dumont and E.Le Roy Ladurie},
    title = {Anthropologie du conscrit français d'après les comptes numériques et sommaires deu recrutement de l'armée (1819-1826). Présentation cartographique},
    publisher = {Mouton},
    series = {Civilisations et sociétés},
    location = {Paris-La Haye},
    year = 1972,
    pagetotal = {261},
    language = {français},
    keywords = {book-crh, crh-1972}
    }

@book{Dumont5634-1972,
    author = {Dumont, Paul and J.P.Aron and E.Le Roy Ladurie},
    title = {Anthropologie du conscrit français d'après les comptes numériques et sommaires deu recrutement de l'armée (1819-1826). Présentation cartographique},
    publisher = {Mouton},
    series = {Civilisations et sociétés},
    location = {Paris-La Haye},
    year = 1972,
    pagetotal = {261},
    language = {français},
    keywords = {book-crh, crh-1972}
    }

@book{LeRoyLadurie5635-1972,
    author = {Le Roy Ladurie, Emmanuel and J.P.Aron and P.Dumont},
    title = {Anthropologie du conscrit français d'après les comptes numériques et sommaires deu recrutement de l'armée (1819-1826). Présentation cartographique},
    publisher = {Mouton},
    series = {Civilisations et sociétés},
    location = {Paris-La Haye},
    year = 1972,
    pagetotal = {261},
    language = {français},
    keywords = {book-crh, crh-1972}
    }

@book{Desaive5648-1972,
    author = {Desaive, Jean-Paul and J.P.Goubert and E.Le Roy Ladurie, and  J.Meyer},
    title = {Médecins, climat et épidémies à la fin du XVIIIe siècle},
    publisher = {Mouton},
    series = {},
    location = {Paris-La Haye},
    year = 1972,
    pagetotal = {256},
    language = {français},
    keywords = {book-crh, crh-1972}
    }

@book{Goubert5649-1972,
    author = {Goubert, Jean-Pierre and J.P.Desaive and E.Le Roy Ladurie and J.Meyer},
    title = {Médecins, climat et épidémies à la fin du XVIIIe siècle},
    publisher = {Mouton},
    series = {},
    location = {Paris-La Haye},
    year = 1972,
    pagetotal = {256},
    language = {français},
    keywords = {book-crh, crh-1972}
    }

@book{LeRoyLadurie5650-1972,
    author = {Le Roy Ladurie, Emmanuel and J.P.Desaive and J.P.Goubert and J.Meyer},
    title = {Médecins, climat et épidémies à la fin du XVIIIe siècle},
    publisher = {Mouton},
    series = {},
    location = {Paris-La Haye},
    year = 1972,
    pagetotal = {256},
    language = {français},
    keywords = {book-crh, crh-1972}
    }

@book{Daumard5651-1972,
    author = {Daumard, Adeline},
    title = {Les fortunes françaises au XIXe siècle. Enquête sur la répartition des capitaux privés en France d'après l'enregistrement des capitaux de succession},
    publisher = {},
    series = {},
    location = {},
    year = 1972,
    pagetotal = {},
    language = {français},
    keywords = {book-crh, crh-1972}
    }

@book{Launay5657-1972,
    author = {Launay, Michel},
    title = {Jean-Jacques Rousseau écrivain politique (1712-1762)},
    publisher = {CEL/ACER},
    series = {},
    location = {Cannes-Grenoble},
    year = 1972,
    pagetotal = {512},
    language = {français},
    keywords = {book-crh, crh-1972}
    }

@inproceedings{Guillou1353-1972,
    author = {Guillou, André},
    editor = {},
    title = {Les Saints-Chrysanthe-et-Daria à Oria dans les Fouilles (Italie), dossier archéologique},
    booktitle = {Actes du 97e congrès national des sociétés savantes},
    publisher = {},
    location = {},
    year = 1972,
    pagetotal = {11},
    language = {français},
    keywords = {inproceedings-crh, crh-1972}
    }

@inproceedings{Pesez5636-1972,
    author = {Pesez, Jean-Marie and F.Piponnier},
    editor = {},
    title = {Les maisons fortes bourguignonnes},
    booktitle = {Actes du Ve colloque de Château-Gaillard (Hingsval, 1970)},
    publisher = {},
    location = {Caen},
    year = 1972,
    pagetotal = {22},
    language = {français},
    keywords = {inproceedings-crh, crh-1972}
    }

@inproceedings{Piponnier5637-1972,
    author = {Piponnier, Françoise and J.M.Pesez},
    editor = {},
    title = {Les maisons fortes bourguignonnes},
    booktitle = {Actes du Ve colloque de Château-Gaillard (Hingsval, 1970)},
    publisher = {},
    location = {Caen},
    year = 1972,
    pagetotal = {22},
    language = {français},
    keywords = {inproceedings-crh, crh-1972}
    }

@proceedings{Goy5631-1972,
    editor = {Goy, Joseph and E.Le Roy Ladurie},
    editortype = {dir.},
    title = {Les fluctuations du produit de la dîme. Conjoncture décimale et domaniale de la fin du Moyen Age au XVIIIe siècle},
    booktitle = {Les fluctuations du produit de la dîme. Conjoncture décimale et domaniale de la fin du Moyen Age au XVIIIe siècle},
    publisher = {Mouton},
    location = {Paris},
    year = 1972,
    pagetotal = {},
    language = {français},
    keywords = {proceedings-crh, crh-1972}
    }

@proceedings{LeRoyLadurie5632-1972,
    editor = {Le Roy Ladurie, Emmanuel and J.Goy},
    editortype = {dir.},
    title = {Les fluctuations du produit de la dîme. Conjoncture décimale et domaniale de la fin du Moyen Age au XVIIIe siècle},
    booktitle = {Les fluctuations du produit de la dîme. Conjoncture décimale et domaniale de la fin du Moyen Age au XVIIIe siècle},
    publisher = {Mouton},
    location = {Paris},
    year = 1972,
    pagetotal = {},
    language = {français},
    keywords = {proceedings-crh, crh-1972}
    }

@incollection{Hemardinquer437-1972,
    author = {Hemardinquer, Jean-Jacques},
    editor = {},
    title = {Les débuts du maïs en Méditerranée (premier aperçu)},
    booktitle = {Mélanges en l'honneur de Fernand Braudel},
    publisher = {},
    location = {Toulouse},
    year = 1972,
    pagetotal = {8},
    language = {français},
    keywords = {melanges-crh, crh-1972}
    }

@incollection{Tenenti1133-1972,
    author = {Tenenti, Alberto},
    editor = {},
    title = {Temps et 'ventura' à la Renaissance},
    booktitle = {Mélanges en l'honneur de Fernand Braudel},
    publisher = {},
    location = {},
    year = 1972,
    pagetotal = {},
    language = {français},
    keywords = {melanges-crh, crh-1972}
    }

@incollection{Vernant1138-1972,
    author = {Vernant, Jean-Pierre},
    editor = {},
    title = {Ebauches de la volonté dans la Tragédie grecque},
    booktitle = {Psychologie comparative et art},
    publisher = {},
    location = {},
    year = 1972,
    pagetotal = {},
    language = {français},
    keywords = {melanges-crh, crh-1972}
    }

@incollection{Dupront5656-1972,
    author = {Dupront, Alphonse},
    editor = {},
    title = {Pélerinages et lieux sacrés},
    booktitle = {Mélanges en l'honneur de F.Braudel},
    publisher = {},
    location = {Toulouse},
    year = 1972,
    pagetotal = {},
    language = {français},
    keywords = {melanges-crh, crh-1972}
    }

@incollection{Klapisch968-1972,
    author = {Klapisch-Zuber, Christiane},
    editor = {P. Laslett And R. Wall},
    title = {Household and Family in Tuscany in 1427},
    booktitle = {Household and Family in Past Time},
    publisher = {},
    location = {},
    year = 1972,
    pagetotal = {14},
    language = {anglais},
    keywords = {collectif-crh, crh-1972}
    }

@incollection{Peter985-1972,
    author = {Peter, Jean-Pierre},
    editor = {E.Le Roy Ladurie},
    title = {Malades et maladies à la fin du XVIIIe siècle},
    booktitle = {Médecins, climats et épidémies à la fin du XVIIIe siècle},
    publisher = {},
    location = {},
    year = 1972,
    pagetotal = {37},
    language = {français},
    keywords = {collectif-crh, crh-1972}
    }

@incollection{Desaive1113-1972,
    author = {Desaive, Jean-Paul},
    editor = {J. Goy and E. Le Roy Ladurie},
    title = {A la recherche d'un indicateur de la conjoncture : baux de Notre-Dame de Paris et de l'abbaye de Montmartre},
    booktitle = {Les fluctuations du produit de la dîme},
    publisher = {},
    location = {},
    year = 1972,
    pagetotal = {},
    language = {français},
    keywords = {collectif-crh, crh-1972}
    }

@book{Vidal-Naquet1140-1972,
    author = {Vidal-Naquet, Pierre},
    title = {Le déchiffrement du Linéaire B.},
    publisher = {Gallimard},
    series = {Bibliothèque des histoires},
    location = {Paris},
    year = 1972,
    pagetotal = {},
    language = {français},
    % addendum = {introduction à la traduction du livre de J.Chawick},
    keywords = {edition-txt-crh, crh-1972}
    }

@book{Tenenti1132-1972,
    author = {Tenenti, Branislava},
    editor = {},
    title = {Vingt années d'histoire et de sciences humaines. Table des Annales E.S.C.},
    publisher = {},
    series = {},
    location = {},
    year = 1972,
    pagetotal = {},
    language = {français},
    keywords = {outil-recherche-crh, crh-1972}
    }

@thesis{Goubert1120-1972,
    author = {Goubert, Jean-Pierre},
    title = {Malades et Médecins en Bretagne 1770-1790 (thèse de 3e cycle)},
    institution = {},
    location = {},
    year = 1972,
    pagetotal = {},
    language = {français},
    keywords = {theses-crh, crh-1972}
    }

