@article{Jeannin963-1973,
    author = {Jeannin, Pierre},
    title = {Der Lübecker Tönnies Fonne. Ein Pionier der Slawistik},
    journal = {Hansische Geschichtsblätter},
    year = 1973,
    language = {allemand},
    keywords = {art-crh, crh-1973}
    }

@article{Klapisch971-1973,
    author = {Klapisch-Zuber, Christiane},
    title = {L'enfance en Toscane au début du XVe siècle},
    journal = {Annales de démographie historique},
    year = 1973,
    language = {français},
    keywords = {art-crh, crh-1973}
    }

@article{Klapisch972-1973,
    author = {Klapisch-Zuber, Christiane},
    title = {Villaggi abbandonati ed emigrazioni interne},
    journal = {Storia d'Italia},
    year = 1973,
    language = {italien},
    keywords = {art-crh, crh-1973}
    }

@article{Peter986-1973,
    author = {Peter, Jean-Pierre and J. Favret},
    title = {La porte d'enfer ou Michelet mythographe},
    journal = {l'Arc},
    year = 1973,
    language = {français},
    keywords = {art-crh, crh-1973}
    }

@article{Fauve1282-1973,
    author = {Fauve-Chamoux, Antoinette},
    title = {L'enfance abandonnée à Reims à la fin du XVIIIe siècle},
    journal = {Annales de Démographie Historique,},
    year = 1973,
    language = {français},
    keywords = {art-crh, crh-1973}
    }

@article{Arbellot5658-1973,
    author = {Arbellot, Guy},
    title = {La grande mutation des routes de France au milieu du XVIIIe siècle},
    journal = {Annales E.S.C.},
    year = 1973,
    language = {français},
    keywords = {art-crh, crh-1973}
    }

@inproceedings{Jeannin540-1973,
    author = {Jeannin, Pierre},
    editor = {},
    title = {Aspects du développement capitaliste dans les milieux d'affaires de Rouen à la fin du XVIe siècle},
    booktitle = {Quatrième conférence internationale d'histoire économique Bloomington 1968},
    publisher = {},
    location = {Paris},
    year = 1973,
    pagetotal = {4},
    language = {français},
    keywords = {inproceedings-crh, crh-1973}
    }

@inproceedings{Braunstein1158-1973,
    author = {Braunstein, Philippe},
    editor = {},
    title = {Remarques sur la population allemande de Venise à la fin du Moyen Age},
    booktitle = {Congrès Venezia tra Oriente e Occidente},
    publisher = {},
    location = {},
    year = 1973,
    pagetotal = {},
    language = {français},
    keywords = {inproceedings-crh, crh-1973}
    }

@inproceedings{Fauve1284-1973,
    author = {Fauve-Chamoux, Antoinette},
    editor = {},
    title = {Reims au XVIIIe siècle : une population urbaine},
    booktitle = {Actes du colloque sur la ville au XVIIIe siècle},
    publisher = {},
    location = {},
    year = 1973,
    pagetotal = {8},
    language = {français},
    keywords = {inproceedings-crh, crh-1973}
    }

@incollection{Hemardinquer400-1973,
    author = {Hemardinquer, Jean-Jacques},
    editor = {},
    title = {Géographie et opinion: le 'fonfrédisme' ou la décolonisation d'Alger (1836)},
    booktitle = {Maghreb et Sahara, études géographiques offertes à J. Despois},
    publisher = {},
    location = {},
    year = 1973,
    pagetotal = {11},
    language = {français},
    keywords = {melanges-crh, crh-1973}
    }

@incollection{Jeannin535-1973,
    author = {Jeannin, Pierre},
    editor = {},
    title = {Entreprises hanséates et commerce méditerranéen à la fin du XVIe siècle},
    booktitle = {Histoire économique du monde méditerranéen 1450-1650. Mélanges en l'honneur de F.Braudel},
    publisher = {},
    location = {Toulouse},
    year = 1973,
    pagetotal = {14},
    language = {français},
    keywords = {melanges-crh, crh-1973}
    }

@incollection{Jeannin543-1973,
    author = {Jeannin, Pierre},
    editor = {},
    title = {Entre Russie et Occident au début du XVIIe siècle : le contexte historique d'un grand document linguistique},
    booktitle = {Etudes européennes, Mélanges offerts à Victor L.Tapié},
    publisher = {Publications de la Sorbonne},
    location = {Paris},
    year = 1973,
    pagetotal = {22},
    language = {français},
    keywords = {melanges-crh, crh-1973}
    }

@incollection{Hemardinquer940-1973,
    author = {Hemardinquer, Jean-Jacques},
    editor = {},
    title = {Géographie et opinion: le fonfrédisme ou la décolonisation d'Alger (1836)},
    booktitle = {Magreb et Sahara, études géographiques offertes à J.Despois},
    publisher = {},
    location = {},
    year = 1973,
    pagetotal = {11},
    language = {français},
    keywords = {melanges-crh, crh-1973}
    }

@incollection{Hemardinquer451-1973,
    author = {Hemardinquer, Jean-Jacques},
    editor = {F.Braudel},
    title = {In Francia oggi. Dati quantitativi sui consumi alimentari},
    booktitle = {Problemi di Metodo storico},
    publisher = {},
    location = {Rome-Bari},
    year = 1973,
    pagetotal = {23},
    language = {italien},
    keywords = {collectif-crh, crh-1973}
    }

@incollection{Peter987-1973,
    author = {Peter, Jean-Pierre},
    editor = {M. Foucault},
    title = {L'animal, le fou, le mort},
    booktitle = {Moi, Pierre Rivière …},
    publisher = {Gallimard},
    location = {Paris},
    year = 1973,
    pagetotal = {22},
    language = {français},
    keywords = {collectif-crh, crh-1973}
    }

@incollection{Daumard1111-1973,
    author = {Daumard, Adeline},
    editor = {?},
    title = {La bourgeoisie et les classes dirigeantes en France de 1815 à 1880},
    booktitle = {Histoire Economique et Sociale de la France},
    publisher = {PUF},
    location = {Paris},
    year = 1973,
    pagetotal = {},
    language = {français},
    keywords = {collectif-crh, crh-1973}
    }

@incollection{LeGoff1210-1973,
    author = {Le Goff, Jacques},
    editor = {},
    title = {Le monde à l'époque de Copernic},
    booktitle = {Copernic, la représentation de l'univers et les conséquences épistémologiques},
    publisher = {G.d'Anna-Messina},
    location = {Paris},
    year = 1973,
    pagetotal = {8},
    language = {français},
    keywords = {collectif-crh, crh-1973}
    }

@article{Klapisch970-1973,
    author = {Klapisch-Zuber, Christiane},
    title = {Introduction du numéro Enfant et société},
    journal = {Annales de démographie historique},
    year = 1973,
    language = {français},
    keywords = {intro-journal-crh, crh-1973}
    }

@article{Fauve1283-1973,
    author = {Fauve-Chamoux, Antoinette},
    title = {présentation et commentaires de documents},
    journal = {Annales de Démographie Historique,},
    year = 1973,
    language = {français},
    keywords = {intro-journal-crh, crh-1973}
    }

@thesis{Salaun1130-1973,
    author = {Salaun, J.-P},
    title = {Iglous du Nord Groenland (Thèse de 3e cycle)},
    institution = {},
    location = {},
    year = 1973,
    pagetotal = {},
    language = {français},
    keywords = {theses-crh, crh-1973}
    }

@thesis{Techeney1131-1973,
    author = {Techeney, E},
    title = {Parures humaines du Louristan(thèse de 3e cycle)},
    institution = {},
    location = {},
    year = 1973,
    pagetotal = {},
    language = {français},
    keywords = {theses-crh, crh-1973}
    }

