@article{Courbin102-1974,
    author = {Courbin, Paul},
    title = {Rapports annuels sur les fouilles de Ras-el-Bassit},
    journal = {Annales Archéologiques Arabes de Syrie},
    year = 1974,
    language = {français},
    keywords = {art-crh, crh-1974}
    }

@article{Rollet988-1974,
    author = {Rollet, Catherine and Agnès Souriac},
    title = {Epidémies et mentalités : le choléra de 1832 en Seine-et-Oise},
    journal = {Annales E.S.C.},
    year = 1974,
    language = {français},
    keywords = {art-crh, crh-1974}
    }

@article{Burguiere1160-1974,
    author = {Burguiere, André},
    title = {La famille ancienne : une utopie rétrospective},
    journal = {Autrement},
    year = 1974,
    language = {français},
    keywords = {art-crh, crh-1974}
    }

@article{Chartier1163-1974,
    author = {Chartier, Roger},
    title = {Comment on écrivait l'histoire au temps des guerres de religion},
    journal = {Annales E.S.C.},
    year = 1974,
    language = {français},
    keywords = {art-crh, crh-1974}
    }

@article{Daumard1175-1974,
    author = {Daumard, Adeline},
    title = {L'histoire de la société française contemporaine, sources et méthodes},
    journal = {Revue d'histoire économique et sociale},
    year = 1974,
    language = {français},
    keywords = {art-crh, crh-1974}
    }

@article{Furet1187-1974,
    author = {Furet, François},
    title = {La croissance de l'alphabétisation en France, XVIIe-XIXe siècles},
    journal = {Annales E.S.C.},
    year = 1974,
    language = {français},
    keywords = {art-crh, crh-1974}
    }

@article{Goubert1191-1974,
    author = {Goubert, Jean-Pierre},
    title = {Environnement et épidémies : Brest au XVIIIe siècle},
    journal = {Annales de Bretagne et des Pays de l'Ouest},
    year = 1974,
    language = {français},
    keywords = {art-crh, crh-1974}
    }

@article{LeRoyLadurie1211-1974,
    author = {Le Roy Ladurie, Emmanuel},
    title = {Rétif de la Bretonne},
    journal = {Ethnographie française},
    year = 1974,
    language = {français},
    keywords = {art-crh, crh-1974}
    }

@article{LeRoyLadurie1212-1974,
    author = {Le Roy Ladurie, Emmanuel},
    title = {Les problèmes de la gabelle},
    journal = {Revue du Nord},
    year = 1974,
    language = {français},
    keywords = {art-crh, crh-1974}
    }

@article{LeRoyLadurie1215-1974,
    author = {Le Roy Ladurie, Emmanuel},
    title = {Révoltes et contestations rurales en France de 1675 à 1788},
    journal = {Annales E.S.C.},
    year = 1974,
    language = {français},
    keywords = {art-crh, crh-1974}
    }

@article{LeRoyLadurie1216-1974,
    author = {Le Roy Ladurie, Emmanuel},
    title = {L'histoire immobile},
    journal = {Annales E.S.C.},
    year = 1974,
    language = {français},
    keywords = {art-crh, crh-1974}
    }

@article{Ozouf1221-1974,
    author = {Ozouf, Jacques},
    title = {L'élection présidentielle de mai 1974},
    journal = {Esprit},
    year = 1974,
    language = {français},
    keywords = {art-crh, crh-1974}
    }

@article{Randles1232-1974,
    author = {Randles, William},
    title = {La civilisation bantou, son essor et son déclin},
    journal = {Annales E.S.C.},
    year = 1974,
    language = {français},
    keywords = {art-crh, crh-1974}
    }

@article{Richet1237-1974,
    author = {Richet, Denis},
    title = {Présentation de l'enquête sur les doléances de 1614},
    journal = {Annales E.S.C.},
    year = 1974,
    language = {français},
    keywords = {art-crh, crh-1974}
    }

@article{Richet1239-1974,
    author = {Richet, Denis},
    title = {Histoire quantitative et économétrie},
    journal = {Recueils de l'Académie des Sciences de Varsovie},
    year = 1974,
    language = {français},
    keywords = {art-crh, crh-1974}
    }

@article{Burguiere1276-1974,
    author = {Burguiere, André},
    title = {Armand Gélis historien et martyr},
    journal = {L'Arc},
    year = 1974,
    language = {français},
    keywords = {art-crh, crh-1974}
    }

@article{Fauve1285-1974,
    author = {Fauve-Chamoux, Antoinette},
    title = {Town and child in eighteeth century Rheims},
    journal = {Local Population Studies},
    year = 1974,
    language = {anglais},
    keywords = {art-crh, crh-1974}
    }

@article{Chartier1289-1974,
    author = {Chartier, Roger},
    title = {Les élites et les gueux. Quelques représentations (XVIe-XVIIe siècles)},
    journal = {Revue d'Histoire Moderne et Contemporaine},
    year = 1974,
    language = {français},
    keywords = {art-crh, crh-1974}
    }

@article{Courbin1299-1974,
    author = {Courbin, Paul},
    title = {Ras el Bassit, Al Mina \& Tell Soukas},
    journal = {Revue Archéologique},
    year = 1974,
    language = {français},
    keywords = {art-crh, crh-1974}
    }

@article{Daumard1309-1974,
    author = {Daumard, Adeline},
    title = {Les placements à l'étranger dans les patrimoines des Français au XIXe siècle et au début du XXe siècle},
    journal = {Revue d'Histoire Economique et Sociale},
    year = 1974,
    language = {français},
    keywords = {art-crh, crh-1974}
    }

@article{Demonet1313-1974,
    author = {Demonet, Michel and P. Dumont and E. Le Roy Ladurie},
    title = {Analyse factorielle des recensements militaires de 1819 à 1830},
    journal = {History and the Computer, Historical methods newsletter},
    year = 1974,
    language = {français},
    keywords = {art-crh, crh-1974}
    }

@article{Guillou1336-1974,
    author = {Guillou, André},
    title = {Geografiaamministrativa del katepanato bizantino d'Italia},
    journal = {Calabria bizantina},
    year = 1974,
    language = {grec},
    keywords = {art-crh, crh-1974}
    }

@article{Julia1365-1974,
    author = {Julia, Dominique},
    title = {Les sources de l'histoire de l'éducation et leur exploitation},
    journal = {Revue française de pédagogie},
    year = 1974,
    language = {français},
    keywords = {art-crh, crh-1974}
    }

@article{LeRoyLadurie1392-1974,
    author = {Le Roy Ladurie, Emmanuel and P. Dumont and M. Demonet},
    title = {Analyse factorielle des recensements militaires de 1819 à 1830},
    journal = {History and the computer, Historical methods Newsletter},
    year = 1974,
    language = {français},
    keywords = {art-crh, crh-1974}
    }

@article{Pesez1401-1974,
    author = {Pesez, Jean-Marie},
    title = {Brucato et la civilisation matérielle du village en Sicile médiévale},
    journal = {Mélanges de l'Ecole française de Rome- Moyen Age-Temps Modernes},
    year = 1974,
    language = {français},
    keywords = {art-crh, crh-1974}
    }

@article{Peter1404-1974,
    author = {Peter, Jean-Pierre and J.-P. Aron and J.-P. Goubert},
    title = {La médecine et les médecins en France depuis deux siècles},
    journal = {Bulletin d'Information de la Société de Démographie Historique},
    year = 1974,
    language = {français},
    keywords = {art-crh, crh-1974}
    }

@article{Peter1405-1974,
    author = {Peter, Jean-Pierre and J.-P. Goubert},
    title = {Bibliographie sommaire d'histoire de la médecine (XVIIIe-XIXe siècles)},
    journal = {Bulletin d'Information de la Société de Démographie Historique},
    year = 1974,
    language = {français},
    keywords = {art-crh, crh-1974}
    }

@article{Piponnier1410-1974,
    author = {Piponnier, Françoise},
    title = {Recherches sur la consommation alimentaire en Bourgogne au XIVe siècle},
    journal = {Annales de Bourgogne},
    year = 1974,
    language = {français},
    keywords = {art-crh, crh-1974}
    }

@article{Pomian1417-1974,
    author = {Pomian, Krzysztof},
    title = {Heidegger et la responsabilité du philosophe},
    journal = {Znak},
    year = 1974,
    language = {français},
    keywords = {art-crh, crh-1974}
    }

@article{Pomian1418-1974,
    author = {Pomian, Krzysztof},
    title = {Les valeurs et la force : les ambiguïtés de Brzozowski},
    journal = {Autour de la pensée de Stanislaw Brzozowski},
    year = 1974,
    language = {français},
    keywords = {art-crh, crh-1974}
    }

@article{Pomian1419-1974,
    author = {Pomian, Krzysztof},
    title = {Trois programmes historiques en France au XVIIe siècle},
    journal = {Archiwum Historii Filozofii i Mysli Spolecznej},
    year = 1974,
    language = {français},
    keywords = {art-crh, crh-1974}
    }

@article{Pomian1420-1974,
    author = {Pomian, Krzysztof},
    title = {De la lettre au périodique : la circulation des informations dans les milieux des historiens au XVIIe siècle},
    journal = {Organon},
    year = 1974,
    language = {français},
    keywords = {art-crh, crh-1974}
    }

@article{Randles1432-1974,
    author = {Randles, William},
    title = {La réciprocité bantu},
    journal = {Annales E.S.C.},
    year = 1974,
    language = {français},
    keywords = {art-crh, crh-1974}
    }

@article{Schnapper1439-1974,
    author = {Schnapper, Dominique},
    title = {Le musée et l'école},
    journal = {Revue Française de Sociologie},
    year = 1974,
    language = {français},
    keywords = {art-crh, crh-1974}
    }

@article{Vincent1455-1974,
    author = {Vincent, Bernard},
    title = {Les tremblements de terre dans la région d'Almeria (XVe-XIXe siècles)},
    journal = {Annales E.S.C.},
    year = 1974,
    language = {français},
    keywords = {art-crh, crh-1974}
    }

@article{Vincent1457-1974,
    author = {Vincent, Bernard},
    title = {Les Morisques en Estrémaudure au XVIe siècle},
    journal = {Annales de Démographie Historique},
    year = 1974,
    language = {français},
    keywords = {art-crh, crh-1974}
    }

@article{Wachtel1467-1974,
    author = {Wachtel, Nathan},
    title = {La réciprocité et l'Etat inca, de Karl Polanyi à John V. Muma},
    journal = {Annales E.S.C.},
    year = 1974,
    language = {français},
    keywords = {art-crh, crh-1974}
    }

@article{Wachtel1468-1974,
    author = {Wachtel, Nathan},
    title = {Le dualisme chipaya},
    journal = {Le Bulletin de l'Institut Français d'Etudes andines},
    year = 1974,
    language = {français},
    keywords = {art-crh, crh-1974}
    }

@book{Schnapper995-1974,
    author = {Schnapper, Dominique},
    title = {Sociologie de l'Italie},
    publisher = {PUF},
    series = {},
    location = {Paris},
    year = 1974,
    pagetotal = {},
    language = {français},
    keywords = {book-crh, crh-1974}
    }

@book{Furet1185-1974,
    author = {Furet, François},
    title = {La Révolution française},
    publisher = {Edition Italienne Laterza},
    series = {},
    location = {Bari},
    year = 1974,
    pagetotal = {},
    language = {français},
    keywords = {book-crh, crh-1974}
    }

@book{Goubert1190-1974,
    author = {Goubert, Jean-Pierre},
    title = {Malades et médecins en Bretagne, 1770-1790},
    publisher = {},
    series = {},
    location = {Paris},
    year = 1974,
    pagetotal = {},
    language = {français},
    keywords = {book-crh, crh-1974}
    }

@book{Guillou1198-1974,
    author = {Guillou, André},
    title = {Le brébion de la métropole bysantine de Région (vers 1050) (Corpus...4)},
    publisher = {},
    series = {},
    location = {Cité du Vatican},
    year = 1974,
    pagetotal = {271},
    language = {français},
    keywords = {book-crh, crh-1974}
    }

@book{LeRoyLadurie1213-1974,
    author = {Le Roy Ladurie, Emmanuel},
    title = {Le territoire de l'historien, t.I},
    publisher = {Gallimard},
    series = {},
    location = {Paris},
    year = 1974,
    pagetotal = {},
    language = {français},
    keywords = {book-crh, crh-1974}
    }

@book{Richet1238-1974,
    author = {Richet, Denis},
    title = {La France moderne : l'esprit des institutions},
    publisher = {Flammarion},
    series = {},
    location = {Paris},
    year = 1974,
    pagetotal = {},
    language = {français},
    keywords = {book-crh, crh-1974}
    }

@book{Courbin1302-1974,
    author = {Courbin, Paul},
    title = {Tombes géométriques d'Argos},
    publisher = {Librairie Vrin},
    series = {},
    location = {Paris},
    year = 1974,
    pagetotal = {},
    language = {français},
    keywords = {book-crh, crh-1974}
    }

@book{Farge1320-1974,
    author = {Farge, Arlette},
    title = {Le vol d'aliments à Paris au XVIIIe siècle},
    publisher = {},
    series = {},
    location = {Paris},
    year = 1974,
    pagetotal = {},
    language = {français},
    keywords = {book-crh, crh-1974}
    }

@book{Guillou1335-1974,
    author = {Guillou, André},
    title = {La civilisation byzantine},
    publisher = {},
    series = {},
    location = {Paris},
    year = 1974,
    pagetotal = {},
    language = {français},
    keywords = {book-crh, crh-1974}
    }

@inproceedings{Hemardinquer921-1974,
    author = {Hemardinquer, Jean-Jacques},
    editor = {},
    title = {Law, Liège et la reconstruction industrielle d'Arcis-sur-Aube},
    booktitle = {Actes du 95e congrès national des sociétés savantes, Reims, 1970},
    publisher = {},
    location = {},
    year = 1974,
    pagetotal = {21},
    language = {français},
    keywords = {inproceedings-crh, crh-1974}
    }

@inproceedings{Klapisch1207-1974,
    author = {Klapisch, Christiane},
    editor = {},
    title = {Le cadastre florentin et la quantification. Quelques méthodes d'analyse statistique appliquées à un corpus du Moyen Age},
    booktitle = {Actes du colloque, Varsovie, 1974, Méthodes quantitatives en histoire},
    publisher = {},
    location = {},
    year = 1974,
    pagetotal = {17},
    language = {polonais},
    keywords = {inproceedings-crh, crh-1974}
    }

@incollection{Jeannin489-1974,
    author = {Jeannin, Pierre},
    editor = {},
    title = {Preis-, Kosten- und Gewinnunterschiede im Handel mit Ostseegetreide 1550-1650},
    booktitle = {Wirtschaftliche und soziale Strukturen im saekularen Wandel. Festschrift für Wilhelm Abel zum 70},
    publisher = {},
    location = {Hanovre},
    year = 1974,
    pagetotal = {24},
    language = {allemand},
    keywords = {melanges-crh, crh-1974}
    }

@incollection{Jeannin538-1974,
    author = {Jeannin, Pierre},
    editor = {},
    title = {Le commerce à Narva au début du XVIIe siècle et le problème de la balance commerciale russe},
    booktitle = {Spoleczenstwo-Gospodarka Kultura, Studia ofiearowane Marianowi Malowistowi},
    publisher = {},
    location = {Varsovie},
    year = 1974,
    pagetotal = {16},
    language = {français},
    keywords = {melanges-crh, crh-1974}
    }

@incollection{Jeannin555-1974,
    author = {Jeannin, Pierre},
    editor = {},
    title = {Conjoncture et production du cuivre dans les Vosges méridionales à la fin du XVIe et au début du XVIIe siècles},
    booktitle = {Conjoncture économique-Structures sociales, Hommage à Ernest Labrousse},
    publisher = {},
    location = {Paris},
    year = 1974,
    pagetotal = {18},
    language = {français},
    keywords = {melanges-crh, crh-1974}
    }

@incollection{Daumard1174-1974,
    author = {Daumard, Adeline},
    editor = {},
    title = {Les structures bourgeoises en France à l'époque contemporaine : évolution ou permanence},
    booktitle = {Conjoncture économique, Structures sociales, Hommage à E. Labrousse},
    publisher = {Mouton},
    location = {Paris},
    year = 1974,
    pagetotal = {15},
    language = {français},
    keywords = {melanges-crh, crh-1974}
    }

@incollection{Furet1186-1974,
    author = {Furet, François},
    editor = {},
    title = {Les élections de 1789 dans les bailliages d'Orléans et de Troyes},
    booktitle = {Mélanges en l'honneur d'Ernest Labrousse},
    publisher = {},
    location = {},
    year = 1974,
    pagetotal = {},
    language = {français},
    keywords = {melanges-crh, crh-1974}
    }

@incollection{Courbin1304-1974,
    author = {Courbin, Paul},
    editor = {},
    title = {L'inscription archaïque du Colosse Naxiem},
    booktitle = {Mélanges Daux},
    publisher = {},
    location = {},
    year = 1974,
    pagetotal = {10},
    language = {français},
    keywords = {melanges-crh, crh-1974}
    }

@incollection{Furet1188-1974,
    author = {Furet, François},
    editor = {P.Nora},
    title = {Le quantitatif en histoire},
    booktitle = {Faire de l'histoire},
    publisher = {Gallimard},
    location = {Paris},
    year = 1974,
    pagetotal = {20},
    language = {français},
    keywords = {collectif-crh, crh-1974}
    }

@incollection{LeRoyLadurie1214-1974,
    author = {Le Roy Ladurie, Emmanuel},
    editor = {P.Nora},
    title = {Histoire de la pluie et du beau temps},
    booktitle = {Faire de l'histoire},
    publisher = {Gallimard},
    location = {Paris},
    year = 1974,
    pagetotal = {28},
    language = {français},
    keywords = {collectif-crh, crh-1974}
    }

@incollection{Peter1227-1974,
    author = {Peter, Jean-Pierre},
    editor = {J. Le Goff and P. Nora Avec J.-P. Peter},
    title = {Le corps : l'homme malade et son histoire},
    booktitle = {Faire de l'histoire},
    publisher = {Gallimard},
    location = {Paris},
    year = 1974,
    pagetotal = {24},
    language = {français},
    keywords = {collectif-crh, crh-1974}
    }

@incollection{Burguiere1271-1974,
    author = {Burguiere, André},
    editor = {P.Nora},
    title = {La Démographie},
    booktitle = {Faire de l'histoire},
    publisher = {Gallimard},
    location = {Paris},
    year = 1974,
    pagetotal = {},
    language = {français},
    keywords = {collectif-crh, crh-1974}
    }

@incollection{Chartier1288-1974,
    author = {Chartier, Roger and D. Roche},
    editor = {P.Nora},
    title = {Le livre : un changement de perspective},
    booktitle = {Faire de l'histoire},
    publisher = {Gallimard},
    location = {Paris},
    year = 1974,
    pagetotal = {23},
    language = {français},
    keywords = {collectif-crh, crh-1974}
    }

@incollection{Guillou1334-1974,
    author = {Guillou, André},
    editor = {?},
    title = {A Byzantine (1011) metrical inscription},
    booktitle = {Serta Turyniana},
    publisher = {University of Illinois},
    location = {},
    year = 1974,
    pagetotal = {19},
    language = {anglais},
    keywords = {collectif-crh, crh-1974}
    }

@incollection{Nora1397-1974,
    author = {Nora, Pierre},
    editor = {?},
    title = {L'ombre de Taine},
    booktitle = {Tableau de la littérature française},
    publisher = {Gallimard},
    location = {Paris},
    year = 1974,
    pagetotal = {},
    language = {français},
    keywords = {collectif-crh, crh-1974}
    }

@incollection{Ozouf1399-1974,
    author = {Ozouf, Jacques},
    editor = {P.Nora},
    title = {L'opinion publique : apologie pour les sondages},
    booktitle = {Faire de l'histoire},
    publisher = {Gallimard},
    location = {Paris},
    year = 1974,
    pagetotal = {16},
    language = {français},
    keywords = {collectif-crh, crh-1974}
    }

@incollection{Wachtel1466-1974,
    author = {Wachtel, Nathan},
    editor = {P.Nora},
    title = {L'acculturation},
    booktitle = {Faire de l'histoire},
    publisher = {Gallimard},
    location = {Paris},
    year = 1974,
    pagetotal = {23},
    language = {français},
    keywords = {collectif-crh, crh-1974}
    }

@article{Antoniadis1253-1974,
    author = {Antoniadis-Bibicou, Hélène},
    title = {présentation:Féodalisme à Byzance : problèmes du mode de production de l'Empire byzantin},
    journal = {Recherches Internationales à la Lumière du Marxisme},
    year = 1974,
    language = {français},
    keywords = {intro-journal-crh, crh-1974}
    }

@article{Burguiere1273-1974,
    author = {Burguiere, André},
    title = {Introduction au numéro spécial: Histoire et sexualité},
    journal = {Annales E.S.C.},
    year = 1974,
    language = {français},
    keywords = {intro-journal-crh, crh-1974}
    }

@report{Schnapper1245-1974,
    author = {Schnapper, Dominique},
    title = {La représentation de l'espace urbain pour les Italiens émigrés.2e partie},
    publisher = {},
    institution = {DGRST},
    location = {},
    year = 1974,
    pagetotal = {115},
    language = {français},
    keywords = {report-crh, crh-1974}
    }

@report{Burguiere1272-1974,
    author = {Burguiere, André},
    title = {La notion d'homéostasis en Démographie - Approche historique},
    publisher = {},
    institution = {Centre Royaumont pour une science de l'homme},
    location = {},
    year = 1974,
    pagetotal = {},
    language = {français},
    keywords = {report-crh, crh-1974}
    }

