@article{Arbellot1145-1975,
    author = {Arbellot, Guy},
    title = {Les barrières de L'An VII},
    journal = {Annales E.S.C.},
    year = 1975,
    language = {français},
    keywords = {art-crh, crh-1975}
    }

@article{Poisson1148-1975,
    author = {Poisson, J.M. and Patrice Beck and Maccari},
    title = {Prospezione archeologica a Gangi Vecchio},
    journal = {Archeologia medievale},
    year = 1975,
    language = {italien},
    keywords = {art-crh, crh-1975}
    }

@article{Beck1150-1975,
    author = {Beck, Patrice},
    title = {Une présentation de la New archaeology…},
    journal = {Bulletin de travail du Groupe d'Archéologie Médiévale},
    year = 1975,
    language = {français},
    keywords = {art-crh, crh-1975}
    }

@article{Bergeron1155-1975,
    author = {Bergeron, Louis},
    title = {Les débuts de la Révolution industrielle en France vus à travers les archives économiques privées},
    journal = {Revue d'Histoire économique et sociale},
    year = 1975,
    language = {français},
    keywords = {art-crh, crh-1975}
    }

@article{Bergeron1157-1975,
    author = {Bergeron, Louis},
    title = {La place des gens d'affaires dans les listes de notables du Premier Empire, d'après les exemples du Piémont et de la Ligurie},
    journal = {Annuario de l'Istituto Storico Italiano per l'età moderna e contemporanea},
    year = 1975,
    language = {français},
    keywords = {art-crh, crh-1975}
    }

@article{Chartier1165-1975,
    author = {Chartier, Roger},
    title = {Une académie avant les lettres patentes. Une approche de la sociabilité des notables lyonnais à la fin du règne de Louis XIV},
    journal = {Marseille},
    year = 1975,
    language = {français},
    keywords = {art-crh, crh-1975}
    }

@article{Chaussinand1168-1975,
    author = {Chaussinand, Guy},
    title = {Aux origines de la Révolution : noblesse et bourgeoisie},
    journal = {Annales E.S.C.},
    year = 1975,
    language = {français},
    keywords = {art-crh, crh-1975}
    }

@article{Daumard1176-1975,
    author = {Daumard, Adeline},
    title = {Le peuple dans la société française à l'époque romantique},
    journal = {Romantisme},
    year = 1975,
    language = {français},
    keywords = {art-crh, crh-1975}
    }

@article{Daumard1177-1975,
    author = {Daumard, Adeline},
    title = {Quelques remarques sur le logement des parisiens au XIXe siècle},
    journal = {Annales de démographie historique},
    year = 1975,
    language = {français},
    keywords = {art-crh, crh-1975}
    }

@article{Dauphin1179-1975,
    author = {Dauphin-Memeteau, Cécile},
    title = {Research in progress at the Centre de Recherches Historiques of Paris},
    journal = {The Journal of European History},
    year = 1975,
    language = {anglais},
    keywords = {art-crh, crh-1975}
    }

@article{Dauphin1180-1975,
    author = {Dauphin-Memeteau, Cécile and Pierrette Pézerat},
    title = {Les consommations populaires dans la deuxième moitié du XIXe siècle, à travers les monographies de l'école de Le Play},
    journal = {Annales E.S.C.},
    year = 1975,
    language = {français},
    keywords = {art-crh, crh-1975}
    }

@article{Demonet1182-1975,
    author = {Demonet, Michel and C. Klapisch},
    title = {A correspondance analysis of a XVth century census : the Florentine Catasto of 1427},
    journal = {The Journal of European Economic History},
    year = 1975,
    language = {anglais},
    keywords = {art-crh, crh-1975}
    }

@article{Furet1189-1975,
    author = {Furet, François},
    title = {De l'histoire récit à l'histoire problème},
    journal = {Diogène},
    year = 1975,
    language = {français},
    keywords = {art-crh, crh-1975}
    }

@article{Goubert1192-1975,
    author = {Goubert, Jean-Pierre and F. Lebrun},
    title = {Médecins et chirurgiens dans la société française du XVIIIe siècle},
    journal = {Annales Cisalpines d'Histoire sociale},
    year = 1975,
    language = {français},
    keywords = {art-crh, crh-1975}
    }

@article{Goubert1193-1975,
    author = {Goubert, Jean-Pierre},
    title = {Eaux publiques et Démographie historique dans la France urbaine du XIXe siècle. Le cas de Rennes},
    journal = {Annales de démographie historique},
    year = 1975,
    language = {français},
    keywords = {art-crh, crh-1975}
    }

@article{Goubert1194-1975,
    author = {Goubert, Jean-Pierre},
    title = {Méthodologische Probleme zu einer Geschichte des gesundheitswesens. Frankreich am Ende des 18 Jahrhunderts als Beispiel},
    journal = {Historische Demographie als Sozialgeschichte},
    year = 1975,
    language = {allemand},
    keywords = {art-crh, crh-1975}
    }

@article{Goy1195-1975,
    author = {Goy, Joseph and B. Bennassar},
    title = {Contribution à l'histoire de la consommation alimentaire du XIVe au XIXe siècles},
    journal = {Annales E.S.C.},
    year = 1975,
    language = {français},
    keywords = {art-crh, crh-1975}
    }

@article{Goy1196-1975,
    author = {Goy, Joseph},
    title = {Une banque de données pour l'historien},
    journal = {Université-archives},
    year = 1975,
    language = {français},
    keywords = {art-crh, crh-1975}
    }

@article{Guillou1199-1975,
    author = {Guillou, André},
    title = {Roberto il Guiscardo sfruttatore del catepanato bizantino d'Italia},
    journal = {Publicazioni del Centro di Studi Normanno-Svevi},
    year = 1975,
    language = {italien},
    keywords = {art-crh, crh-1975}
    }

@article{Guillou1200-1975,
    author = {Guillou, André},
    title = {Production and profits in the Byzantine province of Italy (tenth to eleventh centuries) : an expanding Society},
    journal = {Dumbarton Oaks Papers},
    year = 1975,
    language = {anglais},
    keywords = {art-crh, crh-1975}
    }

@article{Hemardinquer1201-1975,
    author = {Hemardinquer, Jean-Jacques},
    title = {De la statistique industrielle à la statistique hôteliere (1804-1810), d'après les dossiers du ministère de l'intérieur},
    journal = {Revue d'histoire économique et sociale},
    year = 1975,
    language = {français},
    keywords = {art-crh, crh-1975}
    }

@article{Jeannin1205-1975,
    author = {Jeannin, Pierre},
    title = {Die Rolle Lübecks in der hansischen Spanien und Portugalfahrt des 16 Jahrhunderts},
    journal = {Zeitschrift des Vereins für Lübeckische Geschichte und Altertumskunde},
    year = 1975,
    language = {allemand},
    keywords = {art-crh, crh-1975}
    }

@article{Klapisch1208-1975,
    author = {Klapisch, Christiane and M. Demonet},
    title = {A correspondance analysis of a XVth century census : the Florentine catasto of 1427},
    journal = {The Journal of European economic history},
    year = 1975,
    language = {anglais},
    keywords = {art-crh, crh-1975}
    }

@article{LeRoyLadurie1218-1975,
    author = {Le Roy Ladurie, Emmanuel and G. Delibrias},
    title = {La forêt de Grindelwald : histoire d'un glacier},
    journal = {Annales E.S.C.},
    year = 1975,
    language = {français},
    keywords = {art-crh, crh-1975}
    }

@article{LeRoyLadurie1219-1975,
    author = {Le Roy Ladurie, Emmanuel},
    title = {Les campagnes parisiennes aux XVIe-XVIIe siècles},
    journal = {Annales E.S.C.},
    year = 1975,
    language = {français},
    keywords = {art-crh, crh-1975}
    }

@article{Pesez1225-1975,
    author = {Pesez, Jean-Marie},
    title = {Une maison paysanne au XIVe siècle : les structures},
    journal = {Rotterdam Papers},
    year = 1975,
    language = {français},
    keywords = {art-crh, crh-1975}
    }

@article{Pezerat1229-1975,
    author = {Pezerat, Pierrette and C. Dauphin},
    title = {Les consommations populaires dans la deuxième moitié du XIXe siècle à travers les monographies de l'école de Le Play},
    journal = {Annales E.S.C.},
    year = 1975,
    language = {français},
    keywords = {art-crh, crh-1975}
    }

@article{Randles1234-1975,
    author = {Randles, William},
    title = {Echanges de marchandises, échanges de dieux},
    journal = {Annales E.S.C.},
    year = 1975,
    language = {français},
    keywords = {art-crh, crh-1975}
    }

@article{Schmitt1241-1975,
    author = {Schmitt, Jean-Claude},
    title = {Il suicido nel medioevo},
    journal = {Ricerche di Storia sociale e religiosa},
    year = 1975,
    language = {italien},
    keywords = {art-crh, crh-1975}
    }

@article{Triantafyllidou1250-1975,
    author = {Triantafyllidou, Yolande},
    title = {L'industrie du savon en Crête pendant le XVIIIe siècle, aspects économiques et sociaux},
    journal = {Etudes Balkaniques},
    year = 1975,
    language = {français},
    keywords = {art-crh, crh-1975}
    }

@article{Zysberg1251-1975,
    author = {Zysberg, André},
    title = {La société des galériens au milieu du XVIIIe siècle},
    journal = {Annales E.S.C},
    year = 1975,
    language = {français},
    keywords = {art-crh, crh-1975}
    }

@article{Zysberg1252-1975,
    author = {Zysberg, André},
    title = {La chasse aux gueux, dans les campagnes du Thymerais au milieu du XVIIIe siècle},
    journal = {Histoire locale : Beauce et Perche},
    year = 1975,
    language = {français},
    keywords = {art-crh, crh-1975}
    }

@article{Baulant1257-1975,
    author = {Baulant, Micheline},
    title = {La consommation non alimentaire des familles paysannes de la région de Meaux aux XVIIe et XVIIIe siècles. Une source : les inventaires après décès},
    journal = {Annales E.S.C.},
    year = 1975,
    language = {français},
    keywords = {art-crh, crh-1975}
    }

@article{Beck1260-1975,
    author = {Beck, Patrice and J.-M. Poisson and Maccari},
    title = {Prospezione archeologica a Gangi Vecchi},
    journal = {Archeologia medievale},
    year = 1975,
    language = {italien},
    keywords = {art-crh, crh-1975}
    }

@article{Burguiere1275-1975,
    author = {Burguiere, André},
    title = {La famille ancienne : une utopie rétrospective},
    journal = {Autrement},
    year = 1975,
    language = {français},
    keywords = {art-crh, crh-1975}
    }

@article{Chartier1290-1975,
    author = {Chartier, Roger},
    title = {Un siècle d'historiographie},
    journal = {Dossiers Pédagogiques de la Radio et de la Télévision Scolaires, Philosophie 1975-1976},
    year = 1975,
    language = {français},
    keywords = {art-crh, crh-1975}
    }

@article{Chartier1291-1975,
    author = {Chartier, Roger},
    title = {Faire de l'Histoire aujourd'hui},
    journal = {Dossiers Pédagogiques de la Radio et de la Télévision Scolaires, Philosophie 1975-1976},
    year = 1975,
    language = {français},
    keywords = {art-crh, crh-1975}
    }

@article{Julia1366-1975,
    author = {Julia, Dominique and P. Pressly},
    title = {La population scolaire en 1789. Les extravagances statistiques du ministre Villemain},
    journal = {Annales E.S.C.},
    year = 1975,
    language = {français},
    keywords = {art-crh, crh-1975}
    }

@article{Julia1368-1975,
    author = {Julia, Dominique and W. Frijhoff},
    title = {L'alimentation des pensionnaires à la fin de l'Ancien Régime},
    journal = {Annales E.S.C.},
    year = 1975,
    language = {français},
    keywords = {art-crh, crh-1975}
    }

@article{Pomian1421-1975,
    author = {Pomian, Krzysztof},
    title = {L'histoire de la science et l'histoire de l'histoire},
    journal = {Annales E.S.C.},
    year = 1975,
    language = {français},
    keywords = {art-crh, crh-1975}
    }

@article{Pomian1423-1975,
    author = {Pomian, Krzysztof},
    title = {Les collections et la philosophie : aux origines du musée},
    journal = {Archiwum Historii Filozofii i Mysli Spolecznej},
    year = 1975,
    language = {français},
    keywords = {art-crh, crh-1975}
    }

@article{Richet1433-1975,
    author = {Richet, Denis},
    title = {Causes of Inflation of France in the XVI century. Problems of Measurement and Interpretation},
    journal = {The Journal of European Economic History},
    year = 1975,
    language = {anglais},
    keywords = {art-crh, crh-1975}
    }

@article{Schnapper1445-1975,
    author = {Schnapper, Dominique and A. Darbel},
    title = {Les structures de l'administration française},
    journal = {Revue internationale des Sciences Administratives},
    year = 1975,
    language = {français},
    keywords = {art-crh, crh-1975}
    }

@article{Vincent1458-1975,
    author = {Vincent, Bernard},
    title = {L'alimentation en Andalousie orientale d'après les comptes de l'Hôpital de Guad-- (1581-1582)},
    journal = {Annales E.S.C.},
    year = 1975,
    language = {français},
    keywords = {art-crh, crh-1975}
    }

@book{Burguiere1161-1975,
    author = {Burguiere, André},
    title = {Bretons de Plozevet},
    publisher = {Flammarion},
    series = {},
    location = {Paris},
    year = 1975,
    pagetotal = {},
    language = {français},
    keywords = {book-crh, crh-1975}
    }

@book{Chaussinand1169-1975,
    author = {Chaussinand, Guy},
    title = {Une histoire des élites},
    publisher = {Mouton},
    series = {},
    location = {Paris},
    year = 1975,
    pagetotal = {},
    language = {français},
    keywords = {book-crh, crh-1975}
    }

@book{LeRoyLadurie1217-1975,
    author = {Le Roy Ladurie, Emmanuel},
    title = {Montaillou, village occitan},
    publisher = {Gallimard},
    series = {},
    location = {Paris},
    year = 1975,
    pagetotal = {},
    language = {français},
    keywords = {book-crh, crh-1975}
    }

@book{Randles1233-1975,
    author = {Randles, William},
    title = {L'empire du Monomotapa du XVe au XIXe siècles},
    publisher = {Mouton},
    series = {},
    location = {Paris-La-Haye},
    year = 1975,
    pagetotal = {},
    language = {français},
    keywords = {book-crh, crh-1975}
    }

@book{Demonet1314-1975,
    author = {Demonet, Michel and A. Geoffroy and al.},
    title = {Des tracts en mai 1968},
    publisher = {},
    series = {},
    location = {Paris},
    year = 1975,
    pagetotal = {},
    language = {français},
    keywords = {book-crh, crh-1975}
    }

@book{Julia1367-1975,
    author = {Julia, Dominique and J. Revel and M. de Certeau},
    title = {Une politique de la langue. La Révolution française et les patois: l'enquête de Grégoire},
    publisher = {Gallimard},
    series = {},
    location = {Paris},
    year = 1975,
    pagetotal = {},
    language = {français},
    keywords = {book-crh, crh-1975}
    }

@book{Julia1369-1975,
    author = {Julia, Dominique and W. Frijhoff},
    title = {Ecole et société dans la France d'Ancien Régime. Quatre exemples : Auch, Avallon, Condom et Gisors},
    publisher = {Armand Colin},
    series = {},
    location = {Paris},
    year = 1975,
    pagetotal = {},
    language = {français},
    keywords = {book-crh, crh-1975}
    }

@inproceedings{Rollet989-1975,
    author = {Rollet, Catherine},
    editor = {},
    title = {La mortalité infantile au XIXe siècle en France, importance du mode d'alimentation},
    booktitle = {Vème Colloque National de Démographie du CNRS},
    publisher = {},
    location = {},
    year = 1975,
    pagetotal = {29},
    language = {français},
    keywords = {inproceedings-crh, crh-1975}
    }

@inproceedings{Asdrachas1146-1975,
    author = {Asdrachas, S},
    editor = {},
    title = {Salaires ruraux et salaires urbains en Grèce à la fin du XVIIIe et au commencement du XIXe siècles},
    booktitle = {La force de travail dans les cités méditerranéenne du milieu du XVIIIe au milieu du XIXe siècles. Actes des journées d'études, Bendor, 19 et 20 avril 1974},
    publisher = {},
    location = {},
    year = 1975,
    pagetotal = {14},
    language = {français},
    keywords = {inproceedings-crh, crh-1975}
    }

@inproceedings{Bergeron1156-1975,
    author = {Bergeron, Louis},
    editor = {},
    title = {Paris dans l'organisation des échanges intérieurs français à la fin du XVIIIe siècle},
    booktitle = {Aires et structures du commerce français au XVIIIe siècle, colloque national de l'AFHE, 1973},
    publisher = {},
    location = {Lyon},
    year = 1975,
    pagetotal = {},
    language = {français},
    keywords = {inproceedings-crh, crh-1975}
    }

@inproceedings{Brun1270-1975,
    author = {Brun-Rovet, Jeanine},
    editor = {},
    title = {La femme en Angleterre et dans les colonies américaines aux XVIIe et XVIIIe siècles},
    booktitle = {Actes du colloque de la société d'études anglo-américaines des XVIIe-XVIIIe siècles},
    publisher = {},
    location = {},
    year = 1975,
    pagetotal = {},
    language = {français},
    keywords = {inproceedings-crh, crh-1975}
    }

@inproceedings{Vincent1459-1975,
    author = {Vincent, Bernard},
    editor = {},
    title = {Un modèle de décadence : le Royaume de Grenade dans le dernier tiers du XVIe siècle},
    booktitle = {Actas de las I Jornadas de Metodologia Aplicada de las Ciencias Historicas},
    publisher = {},
    location = {},
    year = 1975,
    pagetotal = {5},
    language = {français},
    keywords = {inproceedings-crh, crh-1975}
    }

@inproceedings{Vincent1460-1975,
    author = {Vincent, Bernard},
    editor = {},
    title = {Malaga, port de l'Andalousie orientale aux XVIe et XVIIe siècles},
    booktitle = {Commerce de gros, commerce de détail dans les pays méditerranéens (XVIe-XIXe siècles), Actes des Journées d'études},
    publisher = {},
    location = {},
    year = 1975,
    pagetotal = {10},
    language = {français},
    keywords = {inproceedings-crh, crh-1975}
    }

@inreference{Burguiere1159-1975,
    author = {Burguiere, André},
    editor = {},
    title = {La demografia storica},
    booktitle = {Enciclopedia Mondadori},
    publisher = {},
    series = {},
    location = {},
    year = 1975,
    pagetotal = {},
    language = {italien},
    keywords = {dict-crh, crh-1975}
    }

@inreference{Burguiere1274-1975,
    author = {Burguiere, André},
    editor = {},
    title = {Il problemo storico della Demografia},
    booktitle = {Enciclopedia Mondadori},
    publisher = {},
    series = {},
    location = {},
    year = 1975,
    pagetotal = {},
    language = {italien},
    keywords = {dict-crh, crh-1975}
    }

@proceedings{Aron1254-1975,
    editor = {Aron, Jean-Paul},
    editortype = {dir.},
    title = {Qu 'est-ce que la culture française ?},
    booktitle = {Qu 'est-ce que la culture française ?},
    publisher = {Denoël},
    location = {Paris},
    year = 1975,
    pagetotal = {},
    language = {français},
    keywords = {proceedings-crh, crh-1975}
    }

@incollection{Beck1149-1975,
    author = {Beck, Patrice},
    editor = {},
    title = {Une grange cistercienne en Beaunois au Moyen Age : Repans},
    booktitle = {Etudes médiévales},
    publisher = {},
    location = {},
    year = 1975,
    pagetotal = {6},
    language = {français},
    keywords = {melanges-crh, crh-1975}
    }

@incollection{Pesez1226-1975,
    author = {Pesez, Jean-Marie},
    editor = {},
    title = {L'archéologie médiévale en Europe},
    booktitle = {Hommage  Geneviève Chevrier et Alain Geslan},
    publisher = {},
    location = {Strasbourg},
    year = 1975,
    pagetotal = {5},
    language = {français},
    keywords = {melanges-crh, crh-1975}
    }

@incollection{Guillou1337-1975,
    author = {Guillou, André},
    editor = {},
    title = {La soie sicilienne au Xe-XIe siècles},
    booktitle = {Byzantino-Sicula II, Miscellanes in memoria di G.Rossi-Taibbi},
    publisher = {},
    location = {},
    year = 1975,
    pagetotal = {4},
    language = {français},
    keywords = {melanges-crh, crh-1975}
    }

@incollection{Poisson1415-1975,
    author = {Poisson, Jean-Marie},
    editor = {},
    title = {Mouvements monétaires entre Bourgogne et Nivernais (XIIe-XIIIe siècles)},
    booktitle = {Hommage à Geneviève Chevrier et Alain Geslan},
    publisher = {},
    location = {},
    year = 1975,
    pagetotal = {6},
    language = {français},
    keywords = {melanges-crh, crh-1975}
    }

@incollection{Piponnier4788-1975,
    author = {Piponnier, Françoise},
    editor = {},
    title = {Autour d'un foyer paysan à la fin du Moyen Age, le mobilier archéologique du bâtiment VIII de Dracy},
    booktitle = {Hommage à Geneviève Chevrier et Alain Geslan},
    publisher = {},
    location = {Strasbourg},
    year = 1975,
    pagetotal = {11},
    language = {français},
    keywords = {melanges-crh, crh-1975}
    }

@incollection{Asdrachas701-1975,
    author = {Asdrachas, S},
    editor = {?},
    title = {Makryjannis et Panaghiotis Zographos : l'histoire de l'iconographie de la révolution grecque de 1821},
    booktitle = {Les peintres grecs},
    publisher = {},
    location = {Athènes},
    year = 1975,
    pagetotal = {23},
    language = {grec},
    keywords = {collectif-crh, crh-1975}
    }

@incollection{Asdrachas702-1975,
    author = {Asdrachas, S},
    editor = {?},
    title = {L'économie : mécanismes de l'économie des régions grecques au XVIIIe siècle},
    booktitle = {Historia tou hellénikou ethnous},
    publisher = {},
    location = {Athènes},
    year = 1975,
    pagetotal = {30},
    language = {grec},
    keywords = {collectif-crh, crh-1975}
    }

@incollection{Asdrachas1147-1975,
    author = {Asdrachas, S},
    editor = {?},
    title = {Traditionalismes et ouvertures : le cas d'Ampélakia en Thessalie},
    booktitle = {Structure sociale et développement culturel des villes sud-est européennes et adriatiques aux XVIIe-XVIIIe siècles},
    publisher = {},
    location = {Bucarest},
    year = 1975,
    pagetotal = {9},
    language = {français},
    keywords = {collectif-crh, crh-1975}
    }

@incollection{Jeannin1204-1975,
    author = {Jeannin, Pierre},
    editor = {P. Léon},
    title = {Les marchés du Nord dans le commerce français au XVIIIe siècle},
    booktitle = {Aires et Structures du commerce français au XVIIIe siècle},
    publisher = {},
    location = {},
    year = 1975,
    pagetotal = {},
    language = {français},
    keywords = {collectif-crh, crh-1975}
    }

@incollection{Pesez1224-1975,
    author = {Pesez, Jean-Marie},
    editor = {?},
    title = {L'archéologie du village médiéval en France},
    booktitle = {Le village en France et en URSS des origines à nos jours},
    publisher = {},
    location = {Toulouse},
    year = 1975,
    pagetotal = {18},
    language = {français},
    keywords = {collectif-crh, crh-1975}
    }

@incollection{Peter1228-1975,
    author = {Peter, Jean-Pierre},
    editor = {J.-P. Aron},
    title = {Elision du tragique dans la culture française},
    booktitle = {Qu'est-ce que la culture française ?},
    publisher = {},
    location = {},
    year = 1975,
    pagetotal = {27},
    language = {français},
    keywords = {collectif-crh, crh-1975}
    }

@incollection{Guillou1338-1975,
    author = {Guillou, André},
    editor = {?},
    title = {San Tommaso e l'Oriente bizantino},
    booktitle = {Incontri culturali. Centro internazionale di studi e relazioni culturali},
    publisher = {},
    location = {Viterbe},
    year = 1975,
    pagetotal = {12},
    language = {italien},
    keywords = {collectif-crh, crh-1975}
    }

@incollection{Revel2888-1975,
    author = {Revel, Jacques},
    editor = {J.-P. Aron},
    title = {L'Orient d'une culture},
    booktitle = {Qu'est-ce que la culture française ?},
    publisher = {},
    location = {Paris},
    year = 1975,
    pagetotal = {},
    language = {français},
    keywords = {collectif-crh, crh-1975}
    }

@incollection{Piponnier4913-1975,
    author = {Piponnier, Françoise},
    editor = {?},
    title = {Une maison villageoise au XIVe siècle : le mobilier},
    booktitle = {Rotterdam Papers II},
    publisher = {},
    location = {Rotterdam},
    year = 1975,
    pagetotal = {21},
    language = {français},
    keywords = {collectif-crh, crh-1975}
    }

@incollection{Nora1398-1975,
    author = {Nora, Pierre},
    editor = {},
    title = {Préface},
    booktitle = { La Russie en 1839},
    publisher = {Gallimard},
    location = {Paris},
    year = 1975,
    pagetotal = {},
    language = {français},
    keywords = {preface-book-crh, crh-1975}
    }

@thesis{Ferenczi1184-1975,
    author = {Ferenczi, R},
    title = {Kafka. Subjectivité, Histoire et Structures},
    institution = {Klincksieck},
    location = {Paris},
    year = 1975,
    pagetotal = {},
    language = {français},
    keywords = {theses-crh, crh-1975}
    }

@thesis{Bergeron1261-1975,
    author = {Bergeron, Louis},
    title = {Banquiers, négociants et manufacturiers parisiens, du Directoire à l'Empire},
    institution = {Atelier de reproduction des thèses},
    location = {Lille 3},
    year = 1975,
    pagetotal = {},
    language = {français},
    keywords = {theses-crh, crh-1975}
    }

@article{Courbin1300-1975,
    author = {Courbin, Paul},
    title = {Rapport sur les deux premières campagnes de fouilles à Saint-Etienne de Diors (1973-1974)},
    journal = {Gallia},
    year = 1975,
    language = {français},
    keywords = {art-rapport-crh, crh-1975}
    }

