@article{Beck1151-1976,
    author = {Beck, Patrice},
    title = {Principes de sémiologie graphique},
    journal = {Cahiers d'Anthropologie Médiévale},
    year = 1976,
    language = {français},
    keywords = {art-crh, crh-1976}
    }

@article{Beck1152-1976,
    author = {Beck, Patrice},
    title = {Micro-topographie et stratigraphie : à propos d'un stage à Pincevent},
    journal = {Cahiers d'Anthropologie Médiévale},
    year = 1976,
    language = {français},
    keywords = {art-crh, crh-1976}
    }

@article{Beck1153-1976,
    author = {Beck, Patrice},
    title = {Auxerre 22-25 septembre 1975 : échos d'un colloque},
    journal = {Cahiers d'Anthropologie Médiévale},
    year = 1976,
    language = {français},
    keywords = {art-crh, crh-1976}
    }

@article{Beck1154-1976,
    author = {Beck, Patrice},
    title = {Archéologie et graphique},
    journal = {Archeologia medievale},
    year = 1976,
    language = {français},
    keywords = {art-crh, crh-1976}
    }

@article{Burguiere1162-1976,
    author = {Burguiere, André and E. Le Roy Ladurie},
    title = {Arnaud Gelis, historiens et martyr},
    journal = {l'Arc},
    year = 1976,
    language = {français},
    keywords = {art-crh, crh-1976}
    }

@article{Chartier1166-1976,
    author = {Chartier, Roger},
    title = {A propos des Etats Généraux de 1614},
    journal = {Revue d'Histoire Moderne et Contemporaine},
    year = 1976,
    language = {français},
    keywords = {art-crh, crh-1976}
    }

@article{Chartier1167-1976,
    author = {Chartier, Roger},
    title = {Les arts de mourir 1450-1600},
    journal = {Annales E.S.C.},
    year = 1976,
    language = {français},
    keywords = {art-crh, crh-1976}
    }

@article{Courbin1171-1976,
    author = {Courbin, Paul},
    title = {Ras el Bassit},
    journal = {Guide Archéologique de la Syrie},
    year = 1976,
    language = {français},
    keywords = {art-crh, crh-1976}
    }

@article{Farge1183-1976,
    author = {Farge, Arlette},
    title = {Naissance et accouchement au XVIIIe siècle},
    journal = {Revue de Médecines Psychomatique},
    year = 1976,
    language = {français},
    keywords = {art-crh, crh-1976}
    }

@article{Goy1197-1976,
    author = {Goy, Joseph},
    title = {La coutume contre les pouvoirs},
    journal = {l'Arc},
    year = 1976,
    language = {français},
    keywords = {art-crh, crh-1976}
    }

@article{Hemardinquer1202-1976,
    author = {Hemardinquer, Jean-Jacques},
    title = {L'essai de peste au XVIIe siècle},
    journal = {Revue d'histoire moderne et contemporaine},
    year = 1976,
    language = {français},
    keywords = {art-crh, crh-1976}
    }

@article{Jeannin1206-1976,
    author = {Jeannin, Pierre},
    title = {Informations et calculs dans le commerce allemand au XVIe siècle},
    journal = {Annales E.S.C.},
    year = 1976,
    language = {français},
    keywords = {art-crh, crh-1976}
    }

@article{Nahoum1220-1976,
    author = {Nahoum, Véronique},
    title = {Historiettes pour fillette},
    journal = {Les temps modernes},
    year = 1976,
    language = {français},
    keywords = {art-crh, crh-1976}
    }

@article{Ozouf1223-1976,
    author = {Ozouf, Jacques},
    title = {Alphabétisation et industrialisation : l'exemple du département du Nord},
    journal = {The Journal of European Economic History},
    year = 1976,
    language = {français},
    keywords = {art-crh, crh-1976}
    }

@article{Pezerat1230-1976,
    author = {Pezerat, Pierrette},
    title = {Petites filles, petites femmes, ou la vertu nécessaire},
    journal = {Les temps modernes},
    year = 1976,
    language = {français},
    keywords = {art-crh, crh-1976}
    }

@article{Piponnier1231-1976,
    author = {Piponnier, Françoise},
    title = {Equipements et techniques culinaires en Bourgogne au XIVe siècle},
    journal = {Cahiers d'anthropologie médiévale},
    year = 1976,
    language = {français},
    keywords = {art-crh, crh-1976}
    }

@article{Raulot1235-1976,
    author = {Raulot, J.-Y and P. Bourdelais},
    title = {Des risques de la petite enfance à la fin du XVIIe siècle},
    journal = {Annales de démographie historique},
    year = 1976,
    language = {français},
    keywords = {art-crh, crh-1976}
    }

@article{Schmitt1240-1976,
    author = {Schmitt, Jean-Claude},
    title = {Les dernières années d'un béguinage colmarien d'après ses comptes 1510-1531},
    journal = {Annuaire de Colmar,},
    year = 1976,
    language = {français},
    keywords = {art-crh, crh-1976}
    }

@article{Schmitt1242-1976,
    author = {Schmitt, Jean-Claude},
    title = {Le suicide au Moyen Age},
    journal = {Annales E.S.C.},
    year = 1976,
    language = {français},
    keywords = {art-crh, crh-1976}
    }

@article{Schmitt1243-1976,
    author = {Schmitt, Jean-Claude},
    title = {Religion populaire et culture folklorique. A propos d'une réédition : La spiritualité populaire au Moyen Age d'Etienne Delaruelle},
    journal = {Annales E.S.C},
    year = 1976,
    language = {français},
    keywords = {art-crh, crh-1976}
    }

@article{Schmitt1244-1976,
    author = {Schmitt, Jean-Claude},
    title = {Jeunes et danse des chevaux de bois. Le folklore méridional dans la littérature des exempla XIIIe-XIVe siècles},
    journal = {Cahiers de Fanjeaux},
    year = 1976,
    language = {français},
    keywords = {art-crh, crh-1976}
    }

@article{Schnapper1249-1976,
    author = {Schnapper, Dominique and D. Hanet},
    title = {Oral history on French Social Security},
    journal = {Oral History Association Newletter},
    year = 1976,
    language = {anglais},
    keywords = {art-crh, crh-1976}
    }

@article{Baulant1258-1976,
    author = {Baulant, Micheline},
    title = {Prix et salaires à Paris au XVI siècle},
    journal = {Annales E.S.C.},
    year = 1976,
    language = {français},
    keywords = {art-crh, crh-1976}
    }

@article{Bergeron1262-1976,
    author = {Bergeron, Louis},
    title = {Les Banquiers rhénans au début du XIXe siècle},
    journal = {Bulletin du Centre d'Histoire Economique et Sociale de la région lyonnaise},
    year = 1976,
    language = {français},
    keywords = {art-crh, crh-1976}
    }

@article{Burguiere1277-1976,
    author = {Burguiere, André},
    title = {L'école des Annales et les problèmes actuels de la Science Historique},
    journal = {Cahiers de Clio},
    year = 1976,
    language = {français},
    keywords = {art-crh, crh-1976}
    }

@article{Burguiere1278-1976,
    author = {Burguiere, André},
    title = {Endogamia e communità contadina : sulla pratica matrimoniale e Romainville nel XVIII secolo},
    journal = {Quaderni Storici},
    year = 1976,
    language = {italien},
    keywords = {art-crh, crh-1976}
    }

@article{Burguiere1279-1976,
    author = {Burguiere, André},
    title = {La famille étendue : une utopie rétrospective},
    journal = {Autrement},
    year = 1976,
    language = {français},
    keywords = {art-crh, crh-1976}
    }

@article{Chartier1292-1976,
    author = {Chartier, Roger and D. Julia},
    title = {Le monde à l'envers},
    journal = {L'Arc},
    year = 1976,
    language = {français},
    keywords = {art-crh, crh-1976}
    }

@article{Demonet1316-1976,
    author = {Demonet, Michel and P. Dumont and E. Le Roy Ladurie},
    title = {Anthropologie de la jeunesse masculine en France au niveau d'une cartographie cantonale (1819-1830)},
    journal = {Annales E.S.C.},
    year = 1976,
    language = {français},
    keywords = {art-crh, crh-1976}
    }

@article{Desaive1319-1976,
    author = {Desaive, Jean-Paul},
    title = {Le nu hurluberlu},
    journal = {Ethnologie française},
    year = 1976,
    language = {français},
    keywords = {art-crh, crh-1976}
    }

@article{Furet1324-1976,
    author = {Furet, François and J. Ozouf},
    title = {Literacy and Industrialization : the case of the Departement du Nord in France},
    journal = {The Journal of European Economic History},
    year = 1976,
    language = {anglais},
    keywords = {art-crh, crh-1976}
    }

@article{Guillou1340-1976,
    author = {Guillou, André},
    title = {Des collectivités rurales à la collectivité urbaine},
    journal = {Bulletin de Correspondance hellénique},
    year = 1976,
    language = {français},
    keywords = {art-crh, crh-1976}
    }

@article{Guillou1341-1976,
    author = {Guillou, André},
    title = {Mesaiônikè archaiologia},
    journal = {Byzantina},
    year = 1976,
    language = {grec},
    keywords = {art-crh, crh-1976}
    }

@article{Guillou1343-1976,
    author = {Guillou, André},
    title = {La soie du katépanat d'Italie},
    journal = {Travaux et mémoires},
    year = 1976,
    language = {français},
    keywords = {art-crh, crh-1976}
    }

@article{Guillou1344-1976,
    author = {Guillou, André},
    title = {Note sur la culture arabe et la culture slave dans le katépanat d'Italie},
    journal = {Mélanges de l'Ecole de Rome. Moyen-Age},
    year = 1976,
    language = {français},
    keywords = {art-crh, crh-1976}
    }

@article{Guillou1345-1976,
    author = {Guillou, André},
    title = {Cultura, insegnamento e ricerca in istoria},
    journal = {Quaderni medievali},
    year = 1976,
    language = {italien},
    keywords = {art-crh, crh-1976}
    }

@article{Hemardinquer1356-1976,
    author = {Hemardinquer, Jean-Jacques},
    title = {La Flandre occidentale en 1800, vue par un sous-préfet},
    journal = {Revue du Nord},
    year = 1976,
    language = {français},
    keywords = {art-crh, crh-1976}
    }

@article{Hemardinquer1357-1976,
    author = {Hemardinquer, Jean-Jacques},
    title = {Henri Fonfrède ou l'homme du Midi révolté (1827-1838)},
    journal = {Annales du Midi},
    year = 1976,
    language = {français},
    keywords = {art-crh, crh-1976}
    }

@article{Julia1370-1976,
    author = {Julia, Dominique and W. Frijhoff},
    title = {L'éducation des riches. Deux pensionnats : Belley et Grenoble},
    journal = {Cahiers d'histoire},
    year = 1976,
    language = {français},
    keywords = {art-crh, crh-1976}
    }

@article{Julia1371-1976,
    author = {Julia, Dominique and R. Chartier},
    title = {Le monde à l'envers},
    journal = {L'Arc},
    year = 1976,
    language = {français},
    keywords = {art-crh, crh-1976}
    }

@article{Klapisch1375-1976,
    author = {Klapisch, Christiane},
    title = {Parenti, amici e vicini. Il territorio urbano d'una famiglia mercantile nel XV sec.},
    journal = {Quaderni storici},
    year = 1976,
    language = {italien},
    keywords = {art-crh, crh-1976}
    }

@article{Lapeyre1377-1976,
    author = {Lapeyre, M.-C and PEROUAS,L.},
    title = {L'émigration des maçons creusois avant le XIXe siècle},
    journal = {Revue d'Histoire Moderne et Contemporaine},
    year = 1976,
    language = {français},
    keywords = {art-crh, crh-1976}
    }

@article{Lemay1387-1976,
    author = {Lemay, Edna},
    title = {Histoire de l'antiquité et découverte du nouveau monde chez deux auteurs du XVIIIe siècle},
    journal = {Studies on Voltaire},
    year = 1976,
    language = {français},
    keywords = {art-crh, crh-1976}
    }

@article{Lemay1388-1976,
    author = {Lemay, Edna},
    title = {La notion du travail à travers la littérature de voyages au XVIIIe siècle},
    journal = {Etudes sur le XVIIIe siècle},
    year = 1976,
    language = {français},
    keywords = {art-crh, crh-1976}
    }

@article{LeRoyLadurie1393-1976,
    author = {Le Roy Ladurie, Emmanuel and P. Dumont and M. Demonet},
    title = {Anthropologie de la jeunesse masculine en France au niveau d'une cartographie cantonale (1819-1830)},
    journal = {Annales E.S.C.},
    year = 1976,
    language = {français},
    keywords = {art-crh, crh-1976}
    }

@article{Peter1406-1976,
    author = {Peter, Jean-Pierre},
    title = {Le grand rêve de l'ordre médical en 1770 et aujourd'hui},
    journal = {Autrement},
    year = 1976,
    language = {français},
    keywords = {art-crh, crh-1976}
    }

@article{Peter1407-1976,
    author = {Peter, Jean-Pierre},
    title = {Entre femmes et médecins - violence et singularités dans les discours du corps et sur le corps d'après les manuscrits médicaux de la fin du XVIIIe siècle},
    journal = {Ethnologie Française},
    year = 1976,
    language = {français},
    keywords = {art-crh, crh-1976}
    }

@article{Peter1409-1976,
    author = {Peter, Jean-Pierre and F. Loux},
    title = {Langages, images et pratiques du corps},
    journal = {Ethnologie Française},
    year = 1976,
    language = {français},
    keywords = {art-crh, crh-1976}
    }

@article{Piponnier1411-1976,
    author = {Piponnier, Françoise},
    title = {Recherches anglaises sur les maisons-fortes},
    journal = {Bulletin critique, Archéologie médiévale},
    year = 1976,
    language = {français},
    keywords = {art-crh, crh-1976}
    }

@article{Piponnier1413-1976,
    author = {Piponnier, Françoise and R. Bucaille},
    title = {La bête ou la belle ? Remarques sur l'apparence corporelle de la paysannerie médiévale},
    journal = {Ethnologie Française},
    year = 1976,
    language = {français},
    keywords = {art-crh, crh-1976}
    }

@article{Poisson1416-1976,
    author = {Poisson, Jean-Marie},
    title = {Bondo Gerbo de Bullis},
    journal = {Mélanges de l'Ecole Française de Rome. Moyen Age. Temps Modernes},
    year = 1976,
    language = {français},
    keywords = {art-crh, crh-1976}
    }

@article{Pomian1424-1976,
    author = {Pomian, Krzysztof},
    title = {Les limites écologiques des civilisations},
    journal = {Informations sur les sciences sociales},
    year = 1976,
    language = {français},
    keywords = {art-crh, crh-1976}
    }

@article{Pomian1426-1976,
    author = {Pomian, Krzysztof},
    title = {Médailles/coquilles : érudition/philosophie},
    journal = {Studies on Voltaire and the eighteenth century},
    year = 1976,
    language = {français},
    keywords = {art-crh, crh-1976}
    }

@article{Pomian1430-1976,
    author = {Pomian, Krzysztof},
    title = {Le parti : vérités et mensonges},
    journal = {Les Temps Modernes},
    year = 1976,
    language = {français},
    keywords = {art-crh, crh-1976}
    }

@article{Schnapper1443-1976,
    author = {Schnapper, Dominique},
    title = {Centralisme et fédéralisme culturels : les émigrés italiens en France et aux Etats-Unis},
    journal = {Annales E.S.C.},
    year = 1976,
    language = {français},
    keywords = {art-crh, crh-1976}
    }

@article{Schnapper1446-1976,
    author = {Schnapper, Dominique and M. Ribeyrol},
    title = {Les cérémonies funéraires dans la Yougoslavie ortodoxe},
    journal = {Archives Européennes de sociologie},
    year = 1976,
    language = {français},
    keywords = {art-crh, crh-1976}
    }

@article{Schnapper1447-1976,
    author = {Schnapper, Dominique},
    title = {Appartenance sociale et traditions culturelles : émigrés italiens et migrants français dans la région parisienne},
    journal = {Revue Française de sociologie},
    year = 1976,
    language = {français},
    keywords = {art-crh, crh-1976}
    }

@article{Schnapper1448-1976,
    author = {Schnapper, Dominique},
    title = {Quelques réflexions sur l'assimilation comparée des travailleurs émigrés italiens et des juifs en France},
    journal = {Bulletin de la Société Française de Sociologie},
    year = 1976,
    language = {français},
    keywords = {art-crh, crh-1976}
    }

@article{Tenenti1452-1976,
    author = {Tenenti, Alberto and B. TENENTI},
    title = {L'assurance en Méditerranée},
    journal = {Annales E.S.C.},
    year = 1976,
    language = {français},
    keywords = {art-crh, crh-1976}
    }

@article{Vincent1456-1976,
    author = {Vincent, Bernard},
    title = {Les bandits morisques en Andalousie au XVIe siècle},
    journal = {Revue d'Histoire Moderne et Contemporaine},
    year = 1976,
    language = {français},
    keywords = {art-crh, crh-1976}
    }

@article{Wachtel1469-1976,
    author = {Wachtel, Nathan and L. Valensi},
    title = {L'historien errant},
    journal = {L'Arc},
    year = 1976,
    language = {français},
    keywords = {art-crh, crh-1976}
    }

@article{Lagarce1608-1976,
    author = {Lagarce, Jacques and E.Lagarce, and A.Bounni and  N.Saliby},
    title = {Rapport préliminaire sur la première campagne de fouilles (1975) sur le site d'Ibn Hani},
    journal = {Annales archéologiques arabes de Syrie},
    year = 1976,
    language = {arabe},
    keywords = {art-crh, crh-1976}
    }

@book{Chartier1164-1976,
    author = {Chartier, Roger and D. Julia and M.-M. Compère},
    title = {L'éducation en France du XVIe au XVIIIe siècles},
    publisher = {S.E.D.E.S.},
    series = {},
    location = {Paris},
    year = 1976,
    pagetotal = {},
    language = {français},
    keywords = {book-crh, crh-1976}
    }

@book{Chaussinand1170-1976,
    author = {Chaussinand, Guy},
    title = {La noblesse au XVIIIe siècle},
    publisher = {},
    series = {},
    location = {Hachette},
    year = 1976,
    pagetotal = {},
    language = {français},
    keywords = {book-crh, crh-1976}
    }

@book{Courbin1173-1976,
    author = {Courbin, Paul},
    title = {Guide de Ras el Bassit},
    publisher = {},
    series = {},
    location = {},
    year = 1976,
    pagetotal = {},
    language = {français},
    keywords = {book-crh, crh-1976}
    }

@book{LeGoff1209-1976,
    author = {Le Goff, Jacques},
    title = {Mercanti e banchieri nel Medioevo},
    publisher = {Ed. G. d'Anna-Messina},
    series = {},
    location = {Florence},
    year = 1976,
    pagetotal = {},
    language = {italien},
    keywords = {book-crh, crh-1976}
    }

@book{Couturier1307-1976,
    author = {Couturier, Marcel},
    title = {Histoire du Collège de Chartres},
    publisher = {},
    series = {},
    location = {Chartres},
    year = 1976,
    pagetotal = {},
    language = {français},
    keywords = {book-crh, crh-1976}
    }

@book{Guillou1346-1976,
    author = {Guillou, André},
    title = {Aspetti della Civiltà bizantina in Italia},
    publisher = {},
    series = {},
    location = {Bari},
    year = 1976,
    pagetotal = {},
    language = {italien},
    keywords = {book-crh, crh-1976}
    }

@inproceedings{Courbin99-1976,
    author = {Courbin, Paul},
    editor = {},
    title = {Guide A 9 du Congrès international de l'U.I.S.P.P.},
    booktitle = {Congrès international de l'U.I.S.P.P.},
    publisher = {},
    location = {},
    year = 1976,
    pagetotal = {5},
    language = {français},
    keywords = {inproceedings-crh, crh-1976}
    }

@inproceedings{Raulot1236-1976,
    author = {Raulot, J.-Y and P. Bourdelais},
    editor = {},
    title = {Géographie de la mortalité infantile dans la France du XIXe siècle},
    booktitle = {5e colloque national de démographie},
    publisher = {},
    location = {},
    year = 1976,
    pagetotal = {},
    language = {français},
    keywords = {inproceedings-crh, crh-1976}
    }

@inproceedings{Beck1259-1976,
    author = {Beck, Patrice and J.-M. Poisson and B. Maccari,},
    editor = {},
    title = {Gangi Vecchio},
    booktitle = {Atti del Colloquio internazionale di archeologia medievale},
    publisher = {},
    location = {Palerme},
    year = 1976,
    pagetotal = {6},
    language = {italien},
    keywords = {inproceedings-crh, crh-1976}
    }

@inproceedings{Chapelot1286-1976,
    author = {Chapelot, Odette},
    editor = {},
    title = {La fourniture de la pierre sur les chantiers bourguignons XIVe-XVe siècles},
    booktitle = {98e congrès national des sociétés savantes},
    publisher = {},
    location = {},
    year = 1976,
    pagetotal = {17},
    language = {français},
    keywords = {inproceedings-crh, crh-1976}
    }

@inproceedings{Desaive1318-1976,
    author = {Desaive, Jean-Paul and M.-C. Lapeyre},
    editor = {},
    title = {Le bailliage d'Amont (1629-1688). Dénombrements et cartographie},
    booktitle = {Actes du 99e congrès national des sociétés savantes},
    publisher = {},
    location = {},
    year = 1976,
    pagetotal = {},
    language = {français},
    keywords = {inproceedings-crh, crh-1976}
    }

@inproceedings{Goy1331-1976,
    author = {Goy, Joseph},
    editor = {},
    title = {Les crises de subsistances dites d' ancien type dans la France du Sud, 1650-1789},
    booktitle = {Cahiers de la Méditerranée, Actes de Bendor},
    publisher = {},
    location = {},
    year = 1976,
    pagetotal = {},
    language = {français},
    keywords = {inproceedings-crh, crh-1976}
    }

@inproceedings{Guillou1339-1976,
    author = {Guillou, André},
    editor = {},
    title = {L'habitat nell'Italia bizantina : esarcato, Sicilia, catepanato (VI-XI secolo)},
    booktitle = {Atti del colloquio internazionale di archeologia medievale, Palerme, 1976},
    publisher = {},
    location = {Palerme},
    year = 1976,
    pagetotal = {15},
    language = {italien},
    keywords = {inproceedings-crh, crh-1976}
    }

@inproceedings{Guillou1342-1976,
    author = {Guillou, André},
    editor = {},
    title = {Le poids des conditions matérielles, sociales et économiques sur la production culturelle à Byzance de 1071 à 1261},
    booktitle = {XVe congrès international d'études byzantines. Rapports et co-rapports},
    publisher = {},
    location = {},
    year = 1976,
    pagetotal = {24},
    language = {français},
    keywords = {inproceedings-crh, crh-1976}
    }

@inproceedings{Hemardinquer1358-1976,
    author = {Hemardinquer, Jean-Jacques},
    editor = {},
    title = {L'introduction du maïs et ses conséquences pendant les invasions françaises en Franche-Comté},
    booktitle = {Actes du 99e Congrès national des sociétés savantes (Besançon, 1974)},
    publisher = {},
    location = {},
    year = 1976,
    pagetotal = {18},
    language = {français},
    keywords = {inproceedings-crh, crh-1976}
    }

@inproceedings{Lapeyre1378-1976,
    author = {Lapeyre, M.-C and DESAIVE,J.-P. and PEROUAS,L},
    editor = {},
    title = {Le baillage d'Amont en 1618 et 1688, dénombrements et cartographie},
    booktitle = {Actes du 99e congrès national des Sociétés Savantes},
    publisher = {},
    location = {},
    year = 1976,
    pagetotal = {},
    language = {français},
    keywords = {inproceedings-crh, crh-1976}
    }

@inproceedings{Pesez1402-1976,
    author = {Pesez, Jean-Marie},
    editor = {},
    title = {Archéologie et histoire de l'habitat à Brucato},
    booktitle = {Atti del colloquio internazionale di archeologia medievale},
    publisher = {},
    location = {Palerme},
    year = 1976,
    pagetotal = {11},
    language = {français},
    keywords = {inproceedings-crh, crh-1976}
    }

@inproceedings{Piponnier1412-1976,
    author = {Piponnier, Françoise},
    editor = {},
    title = {Vie et mort d'un habitat médiéval : le matériel de Brucato},
    booktitle = {Atti del colloquio internazionale di Archeologia Medievale, Palermo-Erice 1974},
    publisher = {},
    location = {Palerme},
    year = 1976,
    pagetotal = {12},
    language = {français},
    keywords = {inproceedings-crh, crh-1976}
    }

@inproceedings{LeGoff2121-1976,
    author = {Le Goff, Jacques},
    editor = {},
    title = {Il tessitore nella società medievale},
    booktitle = {Produzione Commercio e consumo dei panni di lana. Atti della seconda settimana di studio, 1970},
    publisher = {},
    location = {Florence},
    year = 1976,
    pagetotal = {12},
    language = {italien},
    keywords = {inproceedings-crh, crh-1976}
    }

@inproceedings{Piponnier2181-1976,
    author = {Piponnier, Françoise},
    editor = {},
    title = {La consommation des draps de laine dans quelques milieux français à la fin du Moyen Age},
    booktitle = {Produzione, commercio e consumo dei panni di lana, Atti della seconda settimana di studio, Prato, 1970},
    publisher = {},
    location = {Florence},
    year = 1976,
    pagetotal = {13},
    language = {français},
    keywords = {inproceedings-crh, crh-1976}
    }

@inreference{Courbin1306-1976,
    author = {Courbin, Paul},
    editor = {},
    title = {Article 'Autricum'},
    booktitle = {Princeton Encyclopedia of Classical Sites},
    publisher = {},
    series = {},
    location = {},
    year = 1976,
    pagetotal = {},
    language = {français},
    keywords = {dict-crh, crh-1976}
    }

@proceedings{LeRoyLadurie1394-1976,
    editor = {Le Roy Ladurie, Emmanuel},
    editortype = {dir.},
    title = {Histoire de la France rurale, t.II:L'âge classique des paysans de 1340 à 1789},
    booktitle = {Histoire de la France rurale, t.II:L'âge classique des paysans de 1340 à 1789},
    publisher = {Seuil},
    location = {Paris},
    year = 1976,
    pagetotal = {},
    language = {français},
    keywords = {proceedings-crh, crh-1976}
    }

@collection{Daumard1311-1976,
    author = {Daumard, Adeline},
    editor = {},
    title = {Conditions de logement et position sociale (préface au catalogue d'exposition)},
    booktitle = {Le Parisien chez lui au XIXe siècle (1814-1914)},
    publisher = {Archives nationales},
    location = {Paris},
    year = 1976,
    pagetotal = {4},
    language = {français},
    keywords = {expo-crh, crh-1976}
    }

@incollection{Ozouf1222-1976,
    author = {Ozouf, Jacques},
    editor = {},
    title = {Le peuple et l'école : la demande populaire d'instruction en France au XIXe siècle},
    booktitle = {Mélanges offerts à Jean Maitron},
    publisher = {},
    location = {},
    year = 1976,
    pagetotal = {},
    language = {français},
    keywords = {melanges-crh, crh-1976}
    }

@incollection{Wachtel36-1976,
    author = {Wachtel, Nathan},
    editor = {?},
    title = {Le système d'irrigation des Chipayas},
    booktitle = {Anthropologie des populations andines},
    publisher = {INSERM},
    location = {Paris},
    year = 1976,
    pagetotal = {30},
    language = {français},
    keywords = {collectif-crh, crh-1976}
    }

@incollection{Asdrachas677-1976,
    author = {Asdrachas, S},
    editor = {?},
    title = {Guide bibliographique pour l'étude de l'histoire grecque moderne},
    booktitle = {Histoire de la Grèce moderne},
    publisher = {},
    location = {Athènes},
    year = 1976,
    pagetotal = {168},
    language = {grec},
    keywords = {collectif-crh, crh-1976}
    }

@incollection{Dauphin1181-1976,
    author = {Dauphin-Memeteau, Cécile},
    editor = {F. Furet and J. Ozouf},
    title = {Alphabétisation et scolarisation au XIXe siècle},
    booktitle = {Alphabétisation des français,},
    publisher = {},
    location = {},
    year = 1976,
    pagetotal = {},
    language = {français},
    keywords = {collectif-crh, crh-1976}
    }

@incollection{Daumard1310-1976,
    author = {Daumard, Adeline},
    editor = {?},
    title = {La répartition des fortunes et des biens des Français au XIXe siècle},
    booktitle = {Les fortunes en France et dans la région toulousaine de la Révolution à nos jours},
    publisher = {travaus de l'université de Toulouse Le Mirail},
    location = {Toulouse},
    year = 1976,
    pagetotal = {18},
    language = {français},
    keywords = {collectif-crh, crh-1976}
    }

@incollection{Pomian1425-1976,
    author = {Pomian, Krzysztof},
    editor = {?},
    title = {Le malaise de la science},
    booktitle = {Les Terreurs de l'An 2000},
    publisher = {},
    location = {Paris},
    year = 1976,
    pagetotal = {16},
    language = {français},
    keywords = {collectif-crh, crh-1976}
    }

@report{Schnapper1246-1976,
    author = {Schnapper, Dominique},
    title = {La représentation de l'espace urbain pour les Italiens émigrés. 1ère partie},
    publisher = {},
    institution = {DGRST},
    location = {},
    year = 1976,
    pagetotal = {44},
    language = {français},
    keywords = {report-crh, crh-1976}
    }

@report{Schnapper1247-1976,
    author = {Schnapper, Dominique and D. Hanet},
    title = {Archives orales pour l'histoire de la Sécurité Sociale},
    publisher = {},
    institution = {comité pour l'histoire de la Sécurité sociale},
    location = {},
    year = 1976,
    pagetotal = {14},
    language = {français},
    keywords = {report-crh, crh-1976}
    }

@book{Schnapper1248-1976,
    author = {Schnapper, Dominique},
    editor = {},
    title = {Sociologia dell'Italia},
    publisher = {Angeli Edit.},
    series = {},
    location = {Milan},
    year = 1976,
    pagetotal = {},
    language = {italien},
    addendum = {réédition},
    keywords = {reedition-crh, crh-1976}
    }

@book{Hemardinquer1203-1976,
    author = {Hemardinquer, Jean-Jacques},
    editor = {B. Quemada},
    title = {Collaboration à Matériaux pour l'histoire du vocabulaire français, Datations et documents lexicographiques},
    publisher = {},
    series = {},
    location = {},
    year = 1976,
    pagetotal = {},
    language = {français},
    keywords = {outil-recherche-crh, crh-1976}
    }

@incollection{Daumard1178-1976,
    author = {Daumard, Adeline},
    editor = {},
    title = {Les statistiques officielles sur les patrimoines en France aux XIXe et XXe siècles : évolution, intérêt, lacunes},
    booktitle = {Journées d'études sur l'histoire de la Statistique organisées par l'INSEE (23-25 juin 1976)},
    publisher = {},
    series = {},
    location = {},
    year = 1976,
    pagetotal = {},
    language = {français},
    keywords = {art-rapport-crh, crh-1976}
    }

