@article{Beutler1263-1978,
    author = {Beutler, Corinne},
    title = {Etude de la consommation dans une communauté parisienne entre 1500 et 1640, d'après les registres de comptabilité de l'hospice des Quinze-Vingts},
    journal = {Mémoires publiés par la Fédération des Sociétés Historiques et Archéologiques de Paris et de l'Ile-de-France},
    year = 1978,
    language = {français},
    keywords = {art-crh, crh-1978}
    }

@article{Bourdelais1264-1978,
    author = {Bourdelais, Patrice and J.-Y. Raulot and M. Demonet},
    title = {Le choléra en France au XIXe siècle},
    journal = {Annales E.S.C.},
    year = 1978,
    language = {français},
    keywords = {art-crh, crh-1978}
    }

@article{Braunstein1267-1978,
    author = {Braunstein, Philippe},
    title = {Le marché vénitien du cuivre au XVe siècle},
    journal = {Schwerpünkte des europäischen Kupfermarktes 1460-1660, Kölner Wirtschaftsstudien},
    year = 1978,
    language = {français},
    keywords = {art-crh, crh-1978}
    }

@article{Burguiere1280-1978,
    author = {Burguiere, André},
    title = {The Annals'school toward Anthropological history},
    journal = {The Review},
    year = 1978,
    language = {anglais},
    keywords = {art-crh, crh-1978}
    }

@article{Burguiere1281-1978,
    author = {Burguiere, André},
    title = {Le Rituel de Mariage - Pratique ecclésiastique et pratique populaire en France (XVIe-XVIIIe siècles)},
    journal = {Annales E.S.C.},
    year = 1978,
    language = {français},
    keywords = {art-crh, crh-1978}
    }

@article{Chapelot1287-1978,
    author = {Chapelot, Odette},
    title = {Un pont médiéval, fouille de Boiscommun, 1973-1975},
    journal = {Revue archéologique du Loiret},
    year = 1978,
    language = {français},
    keywords = {art-crh, crh-1978}
    }

@article{Chartier1296-1978,
    author = {Chartier, Roger},
    title = {Les deux France. Histoire d'une géographie},
    journal = {Informations sur les Sciences Sociales},
    year = 1978,
    language = {français},
    keywords = {art-crh, crh-1978}
    }

@article{Courbin1303-1978,
    author = {Courbin, Paul},
    title = {Une pyxis géométrique argienne ( ? ) au Liban},
    journal = {Berytus},
    year = 1978,
    language = {français},
    keywords = {art-crh, crh-1978}
    }

@article{Courbin1305-1978,
    author = {Courbin, Paul},
    title = {Fouilles du Forum à Chartres, 1969-1972},
    journal = {Bulletin des Sociétés Archéologiques d'Eure-et-Loir},
    year = 1978,
    language = {français},
    keywords = {art-crh, crh-1978}
    }

@article{Couturier1308-1978,
    author = {Couturier, Marcel},
    title = {Investissements culturels à Chartres au XVIe siècle},
    journal = {Bulletin de la S.A.E.L.},
    year = 1978,
    language = {français},
    keywords = {art-crh, crh-1978}
    }

@article{Demonet1317-1978,
    author = {Demonet, Michel and P. Bourdelais and J.-Y. Raulot},
    title = {Le choléra en France au XIXe siècle},
    journal = {Annales E.S.C.},
    year = 1978,
    language = {français},
    keywords = {art-crh, crh-1978}
    }

@article{LeRoyLadurie1396-1978,
    author = {Le Roy Ladurie, Emmanuel and M. Baulant and M.Demonet},
    title = {Une synthèse provisoire : les vendanges du XVe au XIXe siècles},
    journal = {Annales E.S.C.},
    year = 1978,
    language = {français},
    keywords = {art-crh, crh-1978}
    }

@article{Peter1408-1978,
    author = {Peter, Jean-Pierre},
    title = {Quand l'inconnu rend le chercheur timide - Remarques sur la médecine dite populaire},
    journal = {Autrement},
    year = 1978,
    language = {français},
    keywords = {art-crh, crh-1978}
    }

@article{Pomian1422-1978,
    author = {Pomian, Krzysztof},
    title = {La rationalité, l'irrationalité et la science},
    journal = {Annales E.S.C},
    year = 1978,
    language = {français},
    keywords = {art-crh, crh-1978}
    }

@article{Pomian1431-1978,
    author = {Pomian, Krzysztof},
    title = {Collection},
    journal = {Libre},
    year = 1978,
    language = {français},
    keywords = {art-crh, crh-1978}
    }

@article{Schnapper1442-1978,
    author = {Schnapper, Dominique},
    title = {La sociologie historique de Norbert Elias},
    journal = {Contrepoint},
    year = 1978,
    language = {français},
    keywords = {art-crh, crh-1978}
    }

@article{Schnapper1444-1978,
    author = {Schnapper, Dominique and A. Darbel},
    title = {The French Public Administration : a new analytical approach},
    journal = {Information des Sciences Sociales},
    year = 1978,
    language = {anglais},
    keywords = {art-crh, crh-1978}
    }

@article{Tenenti1453-1978,
    author = {Tenenti, Alberto},
    title = {Valeurs assurées et valeurs réelles à Raguse vers la fin du XVIe siècle},
    journal = {Revue Historique},
    year = 1978,
    language = {français},
    keywords = {art-crh, crh-1978}
    }

@article{Chapelot1474-1978,
    author = {Chapelot, Odette},
    title = {Un pont médiéval à Boiscommun},
    journal = {Revue archéologique du Loiret},
    year = 1978,
    language = {français},
    keywords = {art-crh, crh-1978}
    }

@article{Chartier1477-1978,
    author = {Chartier, Roger and J.Revel},
    title = {Université et société dans l'Europe moderne: position des problèmes},
    journal = {Revue d'histoire moderne et contemporaine},
    year = 1978,
    language = {français},
    keywords = {art-crh, crh-1978}
    }

@article{Chartier1478-1978,
    author = {Chartier, Roger},
    title = {The two Frances: the history of a geographical idea},
    journal = {Social science information},
    year = 1978,
    language = {anglais},
    keywords = {art-crh, crh-1978}
    }

@article{Chartier1479-1978,
    author = {Chartier, Roger},
    title = {Les Deux France. Histoire d'une géographie},
    journal = {Cahiers d'histoire},
    year = 1978,
    language = {français},
    keywords = {art-crh, crh-1978}
    }

@article{Chartier1480-1978,
    author = {Chartier, Roger},
    title = {L'entrée dans l'écrit},
    journal = {Critique},
    year = 1978,
    language = {français},
    keywords = {art-crh, crh-1978}
    }

@article{Chaussin1486-1978,
    author = {Chaussin, E},
    title = {Aspects spatiaux de l'organisation sociale des Saora},
    journal = {L'Homme},
    year = 1978,
    language = {français},
    keywords = {art-crh, crh-1978}
    }

@article{Chaussin1487-1978,
    author = {Chaussin, E},
    title = {Aspects de la migration des Saora de l'Orissa en Assam},
    journal = {l'ethnographie},
    year = 1978,
    language = {français},
    keywords = {art-crh, crh-1978}
    }

@article{Chaussinand1493-1978,
    author = {Chaussinand-Nogaret, Guy},
    title = {Le cahier de la noblesse de la sénéchaussée de Béziers},
    journal = {Etudes sur Pézenas},
    year = 1978,
    language = {français},
    keywords = {art-crh, crh-1978}
    }

@article{Courbin1494-1978,
    author = {Courbin, Paul},
    title = {Une nouvelle fouille française sur la côte syrienne (A-t-on retrouvé l'antique Poseidon?},
    journal = {Archeologia},
    year = 1978,
    language = {français},
    keywords = {art-crh, crh-1978}
    }

@article{Courbin1497-1978,
    author = {Courbin, Paul},
    title = {La fouille de la rue Ste Thérèse à Chartres},
    journal = {Bulletin de la société archéologique d'Eure-et-Loir},
    year = 1978,
    language = {français},
    keywords = {art-crh, crh-1978}
    }

@article{Courbin1498-1978,
    author = {Courbin, Paul},
    title = {La fouille des Archives départementales à Chartres},
    journal = {Bulletin de la société archéologique d'Eure et Loir},
    year = 1978,
    language = {français},
    keywords = {art-crh, crh-1978}
    }

@article{Couturier1500-1978,
    author = {Couturier, Marcel},
    title = {Chartres, cité antique},
    journal = {Revue Total archéologie},
    year = 1978,
    language = {français},
    keywords = {art-crh, crh-1978}
    }

@article{Demonet1508-1978,
    author = {Demonet, Michel and P.Bourdelais and J.Y.Raulot},
    title = {La marche du choléra en France: 1832 et 1854},
    journal = {Annales E.S.C.},
    year = 1978,
    language = {français},
    keywords = {art-crh, crh-1978}
    }

@article{Demonet1509-1978,
    author = {Demonet, Michel and M.Baulant and E.Le Roy Ladurie},
    title = {Une synthèse provisoire: les vendanges du 15e au 19e siècle},
    journal = {Annales E.S.C.},
    year = 1978,
    language = {français},
    keywords = {art-crh, crh-1978}
    }

@article{Andreau1514-1978,
    author = {Andreau, Jean and A.Schnapp and P.Schmitt},
    title = {P.Veyne et l'évergétisme},
    journal = {Annales E.S.C.},
    year = 1978,
    language = {français},
    keywords = {art-crh, crh-1978}
    }

@article{Baulant1533-1978,
    author = {Baulant, Micheline and E.Le Roy Ladurie and M.Demonet},
    title = {Une synthèse provisoire: les vendanges du 15e au 19e siècle},
    journal = {Annales E.S.C.},
    year = 1978,
    language = {français},
    keywords = {art-crh, crh-1978}
    }

@article{Bonnain1542-1978,
    author = {Bonnain-Moerdyk, Rolande and F.Elegoët},
    title = {Les archives orales: pourquoi faire?},
    journal = {Ethnologie française},
    year = 1978,
    language = {français},
    keywords = {art-crh, crh-1978}
    }

@article{Bourdelais1544-1978,
    author = {Bourdelais, Patrice and M.Demonet and J.Y.Raulot},
    title = {La marche du choléra en France: 1832 et 1854},
    journal = {Annales E.S.C.},
    year = 1978,
    language = {français},
    keywords = {art-crh, crh-1978}
    }

@article{Bourdelais1545-1978,
    author = {Bourdelais, Patrice},
    title = {Sur le rôle des contacts interhumains dans la propagation du choléra},
    journal = {Bulletin de la Société de Pathologie Exotique},
    year = 1978,
    language = {français},
    keywords = {art-crh, crh-1978}
    }

@article{Braunstein1547-1978,
    author = {Braunstein, Philippe},
    title = {Sorcières en terre d'Empire},
    journal = {L'Histoire},
    year = 1978,
    language = {français},
    keywords = {art-crh, crh-1978}
    }

@article{Braunstein1548-1978,
    author = {Braunstein, Philippe},
    title = {Familles florentines au quatrocento},
    journal = {L'Histoire},
    year = 1978,
    language = {français},
    keywords = {art-crh, crh-1978}
    }

@article{Braunstein1550-1978,
    author = {Braunstein, Philippe},
    title = {Nuremberg, portrait d'une cité européenne},
    journal = {L'Histoire},
    year = 1978,
    language = {français},
    keywords = {art-crh, crh-1978}
    }

@article{Aymard1557-1978,
    author = {Aymard, Maurice},
    title = {The impact of the Annales school in Mediterranean countries},
    journal = {Review},
    year = 1978,
    language = {anglais},
    keywords = {art-crh, crh-1978}
    }

@article{Burguiere1558-1978,
    author = {Burguiere, André},
    title = {The New Annales: a redefinition of the late 1960's},
    journal = {Review},
    year = 1978,
    language = {anglais},
    keywords = {art-crh, crh-1978}
    }

@article{Burguiere1559-1978,
    author = {Burguiere, André},
    title = {Le rituel du mariage en France: pratiques ecclésiastiques et pratiques populaires (16e-18e siècles)},
    journal = {Annales E.S.C.},
    year = 1978,
    language = {français},
    keywords = {art-crh, crh-1978}
    }

@article{Froeschle1562-1978,
    author = {Froeschle-Chopard, Marie-Hélène},
    title = {Les romerages en Provence orientale au 18e siècle},
    journal = {Le monde alpin et rhodanien},
    year = 1978,
    language = {français},
    keywords = {art-crh, crh-1978}
    }

@article{Gauchet1565-1978,
    author = {Gauchet, Marcel},
    title = {Pierre Clastres},
    journal = {Libre},
    year = 1978,
    language = {français},
    keywords = {art-crh, crh-1978}
    }

@article{Goubert1573-1978,
    author = {Goubert, Jean-Pierre},
    title = {Methologische Probleme zu einer Geschichte des Gesundheitswesens. Frankreich am Ende des 18 Jahrhunderts als Beispiel},
    journal = {Kultur und Gesellschaft},
    year = 1978,
    language = {allemand},
    keywords = {art-crh, crh-1978}
    }

@article{Goy1574-1978,
    author = {Goy, Joseph and E.Le Roy Ladurie},
    title = {La dîme et le reste},
    journal = {Revue historique},
    year = 1978,
    language = {français},
    keywords = {art-crh, crh-1978}
    }

@article{Guery1579-1978,
    author = {Guery, Alain},
    title = {Les finances de la monarchie française sous l'Ancien régime},
    journal = {Annales E.S.C.},
    year = 1978,
    language = {français},
    keywords = {art-crh, crh-1978}
    }

@article{Guillou1582-1978,
    author = {Guillou, André},
    title = {Deux sceaux inédits de Sicile},
    journal = {Byzantine studies},
    year = 1978,
    language = {français},
    keywords = {art-crh, crh-1978}
    }

@article{Hemardinquer1588-1978,
    author = {Hemardinquer, Jean-Jacques},
    title = {Mort d'épuisement après Austerlitz},
    journal = {Revue de l'Institut Napoléon},
    year = 1978,
    language = {français},
    keywords = {art-crh, crh-1978}
    }

@article{Julia1596-1978,
    author = {Julia, Dominique},
    title = {Les recherches sur l'éducation au siècle des Lumières},
    journal = {Histoire de l'éducation},
    year = 1978,
    language = {français},
    keywords = {art-crh, crh-1978}
    }

@article{Lagarce1609-1978,
    author = {Lagarce, Jacques},
    title = {Découvertes archéologiques à Ras ibn Hani près de Ras Shamra},
    journal = {Comptes rendus Académie Inscriptions et Belles Lettres},
    year = 1978,
    language = {français},
    keywords = {art-crh, crh-1978}
    }

@article{Lagarce1610-1978,
    author = {Lagarce, Jacques and A.Bounni and E.Lagarce and N.Saliby},
    title = {Rapport préliminaire sur la deuxième campagne de fouilles (1976) à Ibn Hani (Syrie)},
    journal = {Syria},
    year = 1978,
    language = {français},
    keywords = {art-crh, crh-1978}
    }

@article{Lagarce1613-1978,
    author = {Lagarce, Jacques},
    title = {Nouveaux textes du 13e siècle avant Jésus-Christ à Ras Ibn Hani},
    journal = {Ugarit-Forschungen},
    year = 1978,
    language = {français},
    keywords = {art-crh, crh-1978}
    }

@article{Lagarce1615-1978,
    author = {Lagarce, Jacques},
    title = {Rapport préliminaire sur la troisième campagne de fouilles (1977) à Ibn Hani (Syrie)},
    journal = {Annales archéologiques arabes de Syrie},
    year = 1978,
    language = {arabe},
    keywords = {art-crh, crh-1978}
    }

@article{Lemay1629-1978,
    author = {Lemay, Edna},
    title = {La majorité silencieuse de la Constituante: un micro-groupe, les députés du Tiers Etat du Nord et du Pas-de-Calais},
    journal = {Etudes sur le 18e},
    year = 1978,
    language = {français},
    keywords = {art-crh, crh-1978}
    }

@article{LeMee1631-1978,
    author = {Le Mee, René},
    title = {La croissance démographique dans l'élection de Paris à la fin de l'ancien régime},
    journal = {Commission Hist.Eco.Soc.Révol.Fr.},
    year = 1978,
    language = {français},
    keywords = {art-crh, crh-1978}
    }

@article{Nora1654-1978,
    author = {Nora, Pierre},
    title = {America and the French intellectuals},
    journal = {Daedalus},
    year = 1978,
    language = {anglais},
    keywords = {art-crh, crh-1978}
    }

@article{Peter1668-1978,
    author = {Peter, Jean-Pierre},
    title = {Quiconque n'est pas médecin n'est-il qu'un charlatan? Du médecin au guérisseur depuis le 18e siècle},
    journal = {Autrement},
    year = 1978,
    language = {français},
    keywords = {art-crh, crh-1978}
    }

@article{Pomian1672-1978,
    author = {Pomian, Krzysztof},
    title = {Entre l'invisible et le visible: la collection},
    journal = {Libre},
    year = 1978,
    language = {français},
    keywords = {art-crh, crh-1978}
    }

@article{Pomian1676-1978,
    author = {Pomian, Krzysztof},
    title = {Impact of the Annales School in Eastern Europe},
    journal = {Review},
    year = 1978,
    language = {anglais},
    keywords = {art-crh, crh-1978}
    }

@article{Pomian1677-1978,
    author = {Pomian, Krzysztof},
    title = {Il partito: forza dirigente o strumento di dominio},
    journal = {Il Manifesto},
    year = 1978,
    language = {italien},
    keywords = {art-crh, crh-1978}
    }

@article{Pomian1678-1978,
    author = {Pomian, Krzysztof},
    title = {Catastrophes et déterminisme},
    journal = {Libre},
    year = 1978,
    language = {français},
    keywords = {art-crh, crh-1978}
    }

@article{Revel1694-1978,
    author = {Revel, Jacques and R.Chartier},
    title = {Universités et société dans l'Europe moderne},
    journal = {Revue d'histoire moderne et contemporaine},
    year = 1978,
    language = {français},
    keywords = {art-crh, crh-1978}
    }

@article{Revel1695-1978,
    author = {Revel, Jacques},
    title = {The Annales: a study in continuity and discontinuity},
    journal = {Review},
    year = 1978,
    language = {anglais},
    keywords = {art-crh, crh-1978}
    }

@article{Schmitt1699-1978,
    author = {Schmitt, Jean-Claude},
    title = {Le geste, la cathédrale et le roi},
    journal = {L'arc},
    year = 1978,
    language = {français},
    keywords = {art-crh, crh-1978}
    }

@article{Schnapper1708-1978,
    author = {Schnapper, Dominique and D.Hanet},
    title = {Archives orales et histoire des institutions sociales},
    journal = {Revue française de sociologie},
    year = 1978,
    language = {français},
    keywords = {art-crh, crh-1978}
    }

@article{Schnapper1710-1978,
    author = {Schnapper, Dominique},
    title = {Etat des travaux en sociologie},
    journal = {Mélanges de l'Ecole française de Rome},
    year = 1978,
    language = {français},
    keywords = {art-crh, crh-1978}
    }

@article{Sigaut1716-1978,
    author = {Sigaut, François},
    title = {Un tableau des productions animales},
    journal = {JATBA},
    year = 1978,
    language = {français},
    keywords = {art-crh, crh-1978}
    }

@article{Sigaut1717-1978,
    author = {Sigaut, François},
    title = {Identification des techniques de récolte des graines alimentaires},
    journal = {JATBA},
    year = 1978,
    language = {français},
    keywords = {art-crh, crh-1978}
    }

@article{Sigaut1719-1978,
    author = {Sigaut, François},
    title = {Possibilités et limites de la recherche, de l'interprétation et de la représentation des instruments agricoles dans les musées d'agriculture},
    journal = {Acta museorum agriculturae},
    year = 1978,
    language = {français},
    keywords = {art-crh, crh-1978}
    }

@article{Wachtel1730-1978,
    author = {Wachtel, Nathan},
    title = {Hommes d'eau: le problème uru (16e-17e siècles)},
    journal = {Annales E.S.C.},
    year = 1978,
    language = {français},
    keywords = {art-crh, crh-1978}
    }

@article{Chapelot1735-1978,
    author = {Chapelot, Jean},
    title = {L'archéologie au Canada},
    journal = {Le Canada depuis 12000 ans},
    year = 1978,
    language = {français},
    keywords = {art-crh, crh-1978}
    }

@article{Chapelot1736-1978,
    author = {Chapelot, Jean},
    title = {La céramique française exportée au Canada},
    journal = {Le Canada depuis 12000 ans},
    year = 1978,
    language = {français},
    keywords = {art-crh, crh-1978}
    }

@article{Chapelot1737-1978,
    author = {Chapelot, Jean},
    title = {Vases carolingiens sous le dallage d'une église antérieure à la basilique de St-Benoit-sur-Loire},
    journal = {Revue archéologique du Loiret},
    year = 1978,
    language = {français},
    keywords = {art-crh, crh-1978}
    }

@article{Fauve1750-1978,
    author = {Fauve, Antoinette},
    title = {Ordinateur et reconstitution des familles: l'exemple de Reims},
    journal = {Démographie historique. Bulletin d'information},
    year = 1978,
    language = {français},
    keywords = {art-crh, crh-1978}
    }

@article{Courbin1820-1978,
    author = {Courbin, Paul},
    title = {La 6e campagne de fouille à Ras el Bassit},
    journal = {Annales archéologiques arabes de Syrie},
    year = 1978,
    language = {français},
    keywords = {art-crh, crh-1978}
    }

@article{Bonnain5659-1978,
    author = {Bonnain, Rolande},
    title = {King Log: Might and power in a rural community in the Pyrénées},
    journal = {Peasant Studies},
    year = 1978,
    language = {anglais},
    keywords = {art-crh, crh-1978}
    }

@book{LeRoyLadurie1395-1978,
    author = {Le Roy Ladurie, Emmanuel},
    title = {Le territoire de l'historien t.II},
    publisher = {},
    series = {},
    location = {Paris},
    year = 1978,
    pagetotal = {},
    language = {français},
    keywords = {book-crh, crh-1978}
    }

@book{Schmitt1437-1978,
    author = {Schmitt, Jean-Claude},
    title = {Saint et chien, Guinefort guérisseur d'enfants depuis le XIIIe siècle},
    publisher = {},
    series = {},
    location = {Paris},
    year = 1978,
    pagetotal = {},
    language = {français},
    keywords = {book-crh, crh-1978}
    }

@book{Schmitt1438-1978,
    author = {Schmitt, Jean-Claude and J. Le Goff},
    title = {L'exemplum, Typologie des Sources Médiévales},
    publisher = {},
    series = {},
    location = {Louvain},
    year = 1978,
    pagetotal = {},
    language = {français},
    keywords = {book-crh, crh-1978}
    }

@book{Vincent1465-1978,
    author = {Vincent, Bernard and A. D. Ortiz},
    title = {Historia de los M---- Vida y tragedia de una minoria},
    publisher = {},
    series = {},
    location = {Madrid},
    year = 1978,
    pagetotal = {},
    language = {espagnol},
    keywords = {book-crh, crh-1978}
    }

@book{Daumard1501-1978,
    author = {Daumard, Adeline},
    title = {Cinco Aulas de Historia Social},
    publisher = {},
    series = {},
    location = {Brésil},
    year = 1978,
    pagetotal = {126},
    language = {portugais},
    keywords = {book-crh, crh-1978}
    }

@book{Aron1521-1978,
    author = {Aron, Jean-Paul and R.Kempf},
    title = {Le pénis et la démoralisation de l'occident},
    publisher = {Grasset},
    series = {},
    location = {Paris},
    year = 1978,
    pagetotal = {306},
    language = {français},
    keywords = {book-crh, crh-1978}
    }

@book{Bergeron1534-1978,
    author = {Bergeron, Louis},
    title = {Les capitalistes en France, 1780-1914},
    publisher = {Gallimard-Julliard},
    series = {Archives},
    location = {Paris},
    year = 1978,
    pagetotal = {},
    language = {français},
    keywords = {book-crh, crh-1978}
    }

@book{Bergeron1535-1978,
    author = {Bergeron, Louis},
    title = {Banquiers, négociants et manufacturiers parisiens du Directoire à l'Empire},
    publisher = {Mouton},
    series = {},
    location = {Paris-La Haye},
    year = 1978,
    pagetotal = {},
    language = {français},
    keywords = {book-crh, crh-1978}
    }

@book{Klapisch1605-1978,
    author = {Klapisch-Zuber, Christiane and D.Herlihy},
    title = {Les Toscans et leurs familles. Une étude du catasto florentin de 1427},
    publisher = {FNSP-EHESS},
    series = {},
    location = {Paris},
    year = 1978,
    pagetotal = {703},
    language = {français},
    keywords = {book-crh, crh-1978}
    }

@book{LeGoff1616-1978,
    author = {Le Goff, Jacques},
    title = {Pour un autre moyen âge. Temps, travail et culture en Occident: 18 essais},
    publisher = {Gallimard},
    series = {},
    location = {Paris},
    year = 1978,
    pagetotal = {422},
    language = {français},
    keywords = {book-crh, crh-1978}
    }

@book{Pomian1671-1978,
    author = {Pomian, Krzysztof and P.Kende},
    title = {1956. Varsovie-Budapest. La deuxième révolution d'Octobre},
    publisher = {Seuil},
    series = {},
    location = {Paris},
    year = 1978,
    pagetotal = {263},
    language = {français},
    keywords = {book-crh, crh-1978}
    }

@book{Schmitt1697-1978,
    author = {Schmitt, Jean-Claude},
    title = {Mort d'une hérésie. L'Eglise et les clercs face aux béguines et aux bégards du Rhin supérieur du 14e au 15e siècle},
    publisher = {Mouton-EHESS},
    series = {},
    location = {Paris-La Haye-New York},
    year = 1978,
    pagetotal = {264},
    language = {français},
    keywords = {book-crh, crh-1978}
    }

@book{Sigaut1713-1978,
    author = {Sigaut, François},
    title = {Les réserves de grains à long terme},
    publisher = {MSH-Université},
    series = {},
    location = {Paris-Lille},
    year = 1978,
    pagetotal = {202},
    language = {français},
    keywords = {book-crh, crh-1978}
    }

@book{Tenenti1720-1978,
    author = {Tenenti, Alberto},
    title = {Credenze, ideologie, libertinismi tra Medioevo ed Eta moderna},
    publisher = {},
    series = {},
    location = {Bologne},
    year = 1978,
    pagetotal = {},
    language = {italien},
    keywords = {book-crh, crh-1978}
    }

@book{Delille1746-1978,
    author = {Delille, Gérard},
    title = {Agricoltura e demografia nel regno di Napoli nei secoli XVIII e XIX},
    publisher = {},
    series = {},
    location = {Naples},
    year = 1978,
    pagetotal = {179},
    language = {italien},
    keywords = {book-crh, crh-1978}
    }

@book{Furet1751-1978,
    author = {Furet, François},
    title = {Penser la Révolution française},
    publisher = {Gallimard},
    series = {},
    location = {Paris},
    year = 1978,
    pagetotal = {},
    language = {français},
    keywords = {book-crh, crh-1978}
    }

@inproceedings{Courbin1172-1978,
    author = {Courbin, Paul},
    editor = {},
    title = {La céramique de la Grèce de l'Est à Ras el Bassit},
    booktitle = {Actes du colloque de Naples, juillet 1976},
    publisher = {},
    location = {Naples},
    year = 1978,
    pagetotal = {},
    language = {français},
    keywords = {inproceedings-crh, crh-1978}
    }

@inproceedings{Goy1332-1978,
    author = {Goy, Joseph and E. Le Roy Ladurie},
    editor = {},
    title = {Prestations paysannes, dîmes, rente foncière et mouvement de la production agricole à l'époque pré-industrielle},
    booktitle = {Seventh InternationalEconomic Congress},
    publisher = {},
    location = {Edimbourg},
    year = 1978,
    pagetotal = {},
    language = {français},
    keywords = {inproceedings-crh, crh-1978}
    }

@inproceedings{LeGoff1623-1978,
    author = {Le Goff, Jacques},
    editor = {},
    title = {La naissance du Purgatoire (12e-13e siècles)},
    booktitle = {Colloque de la société des historiens médiévistes de l'enseignement supérieur public, La mort au Moyen âge},
    publisher = {Istra},
    location = {Strasbourg},
    year = 1978,
    pagetotal = {},
    language = {français},
    keywords = {inproceedings-crh, crh-1978}
    }

@inproceedings{Schnapper1709-1978,
    author = {Schnapper, Dominique and D.Hanet},
    editor = {},
    title = {L'application de la méthode des archives orales à l'histoire de la Sécurité sociale: essai d'une typologie des discours},
    booktitle = {Colloque sur l'histoire de la Sécurité sociale},
    publisher = {},
    location = {Paris},
    year = 1978,
    pagetotal = {14},
    language = {français},
    keywords = {inproceedings-crh, crh-1978}
    }

@inproceedings{Delille1747-1978,
    author = {Delille, Gérard},
    editor = {},
    title = {Crises et productivité agricole: l'exemple du Royaume de Naples},
    booktitle = {Actes des journées d'études de Bendor, 13-15 mai 1976},
    publisher = {},
    location = {Nice},
    year = 1978,
    pagetotal = {22},
    language = {français},
    keywords = {inproceedings-crh, crh-1978}
    }

@inreference{Pomian68-1978,
    author = {Pomian, Krzysztof},
    editor = {J.Le Goff and R.Chartier and J.Revel},
    title = {temporalité historique/temps},
    booktitle = {La nouvelle histoire},
    publisher = {Retz},
    series = {},
    location = {Paris},
    year = 1978,
    pagetotal = {3},
    language = {français},
    keywords = {dict-crh, crh-1978}
    }

@inreference{Pomian73-1978,
    author = {Pomian, Krzysztof},
    editor = {J.Le Goff and R.Chartier and J.Revel},
    title = {Cycle},
    booktitle = {La nouvelle histoire},
    publisher = {Retz},
    series = {},
    location = {Paris},
    year = 1978,
    pagetotal = {2},
    language = {français},
    keywords = {dict-crh, crh-1978}
    }

@inreference{Pomian74-1978,
    author = {Pomian, Krzysztof},
    editor = {J.Le Goff and R.Chartier and J.Revel},
    title = {Modèle},
    booktitle = {La nouvelle histoire},
    publisher = {Retz},
    series = {},
    location = {Paris},
    year = 1978,
    pagetotal = {2},
    language = {français},
    keywords = {dict-crh, crh-1978}
    }

@inreference{Pomian75-1978,
    author = {Pomian, Krzysztof},
    editor = {J.Le Goff and R.Chartier and J.Revel},
    title = {Périodisation},
    booktitle = {La nouvelle histoire},
    publisher = {Retz},
    series = {},
    location = {Paris},
    year = 1978,
    pagetotal = {3},
    language = {français},
    keywords = {dict-crh, crh-1978}
    }

@inreference{Pomian77-1978,
    author = {Pomian, Krzysztof},
    editor = {J.Le Goff and R.Chartier and J.Revel},
    title = {Histoire des structures},
    booktitle = {La nouvelle histoire},
    publisher = {Retz},
    series = {},
    location = {Paris},
    year = 1978,
    pagetotal = {26},
    language = {français},
    keywords = {dict-crh, crh-1978}
    }

@inreference{Pomian87-1978,
    author = {Pomian, Krzysztof},
    editor = {J.Le Goff and R.Chartier and J.Revel},
    title = {Histoire des sciences},
    booktitle = {La nouvelle histoire},
    publisher = {Retz},
    series = {},
    location = {Paris},
    year = 1978,
    pagetotal = {4},
    language = {français},
    keywords = {dict-crh, crh-1978}
    }

@inreference{Nora94-1978,
    author = {Nora, Pierre},
    editor = {J.Le Goff and R.Chartier and J.Revel},
    title = {Michelet},
    booktitle = {La nouvelle histoire},
    publisher = {Retz},
    series = {},
    location = {Paris},
    year = 1978,
    pagetotal = {5},
    language = {français},
    keywords = {dict-crh, crh-1978}
    }

@inreference{Nora95-1978,
    author = {Nora, Pierre},
    editor = {J.Le Goff and R.Chartier and J.Revel},
    title = {Présent},
    booktitle = {La nouvelle histoire},
    publisher = {Retz},
    series = {},
    location = {Paris},
    year = 1978,
    pagetotal = {6},
    language = {français},
    keywords = {dict-crh, crh-1978}
    }

@inreference{Pesez103-1978,
    author = {Pesez, Jean-Marie},
    editor = {J.Le Goff and R.Chartier and J.Revel},
    title = {Histoire de la culture matérielle},
    booktitle = {La nouvelle histoire},
    publisher = {Retz},
    series = {},
    location = {Paris},
    year = 1978,
    pagetotal = {33},
    language = {français},
    keywords = {dict-crh, crh-1978}
    }

@inreference{Nora107-1978,
    author = {Nora, Pierre},
    editor = {J.Le Goff and R.Chartier and J.Revel},
    title = {Mémoire collective},
    booktitle = {La nouvelle histoire},
    publisher = {Retz},
    series = {},
    location = {Paris},
    year = 1978,
    pagetotal = {4},
    language = {français},
    keywords = {dict-crh, crh-1978}
    }

@inreference{Schmitt136-1978,
    author = {Schmitt, Jean-Claude},
    editor = {J.Le Goff and R.Chartier and J.Revel},
    title = {Histoire des marginaux},
    booktitle = {La nouvelle histoire},
    publisher = {Retz},
    series = {},
    location = {Paris},
    year = 1978,
    pagetotal = {26},
    language = {français},
    keywords = {dict-crh, crh-1978}
    }

@inreference{Schmitt138-1978,
    author = {Schmitt, Jean-Claude},
    editor = {J.Le Goff and R.Chartier and J.Revel},
    title = {Marc Bloch},
    booktitle = {La nouvelle histoire},
    publisher = {Retz},
    series = {},
    location = {Paris},
    year = 1978,
    pagetotal = {4},
    language = {français},
    keywords = {dict-crh, crh-1978}
    }

@inreference{Schmitt148-1978,
    author = {Schmitt, Jean-Claude},
    editor = {J.Le Goff and R.Chartier and J.Revel},
    title = {Gestes},
    booktitle = {La nouvelle histoire},
    publisher = {Retz},
    series = {},
    location = {Paris},
    year = 1978,
    pagetotal = {2},
    language = {français},
    keywords = {dict-crh, crh-1978}
    }

@inreference{Julia151-1978,
    author = {Julia, Dominique},
    editor = {J.Le Goff and R.Chartier and J.Revel},
    title = {Enseignement de l'histoire},
    booktitle = {La nouvelle histoire},
    publisher = {Retz},
    series = {},
    location = {Paris},
    year = 1978,
    pagetotal = {6},
    language = {français},
    keywords = {dict-crh, crh-1978}
    }

@inreference{Julia152-1978,
    author = {Julia, Dominique},
    editor = {J.Le Goff and R.Chartier and J.Revel},
    title = {Religion},
    booktitle = {La nouvelle histoire},
    publisher = {Retz},
    series = {},
    location = {Paris},
    year = 1978,
    pagetotal = {6},
    language = {français},
    keywords = {dict-crh, crh-1978}
    }

@inreference{Goy173-1978,
    author = {Goy, Joseph},
    editor = {J.Le Goff and R.Chartier and J.Revel},
    title = {Histoire orale},
    booktitle = {La nouvelle histoire},
    publisher = {Retz},
    series = {},
    location = {Paris},
    year = 1978,
    pagetotal = {3},
    language = {français},
    keywords = {dict-crh, crh-1978}
    }

@inreference{Goy174-1978,
    author = {Goy, Joseph},
    editor = {J.Le Goff and R.Chartier and J.Revel},
    title = {Histoire rurale},
    booktitle = {La nouvelle histoire},
    publisher = {Retz},
    series = {},
    location = {Paris},
    year = 1978,
    pagetotal = {5},
    language = {français},
    keywords = {dict-crh, crh-1978}
    }

@inreference{LeGoff1384-1978,
    author = {Le Goff, Jacques},
    editor = {},
    title = {Chierico/Laico},
    booktitle = {Enciclopedia Einaudi},
    publisher = {Einaudi},
    series = {},
    location = {Turin},
    year = 1978,
    pagetotal = {},
    language = {italien},
    keywords = {dict-crh, crh-1978}
    }

@inreference{LeGoff1385-1978,
    author = {Le Goff, Jacques},
    editor = {},
    title = {Documento/Monumento},
    booktitle = {Enciclopedia Einaudi},
    publisher = {Einaudi},
    series = {},
    location = {Turin},
    year = 1978,
    pagetotal = {},
    language = {italien},
    keywords = {dict-crh, crh-1978}
    }

@inreference{LeGoff1513-1978,
    author = {Le Goff, Jacques},
    editor = {},
    title = {Arbeit},
    booktitle = {Theologische Realenzyklopädie},
    publisher = {De Gruyter},
    series = {},
    location = {Berlin},
    year = 1978,
    pagetotal = {},
    language = {allemand},
    keywords = {dict-crh, crh-1978}
    }

@inreference{Aron1523-1978,
    author = {Aron, Jean-Paul},
    editor = {},
    title = {Cucina},
    booktitle = {Enciclopedia Einaudi},
    publisher = {Einaudi},
    series = {},
    location = {Turin},
    year = 1978,
    pagetotal = {},
    language = {italien},
    keywords = {dict-crh, crh-1978}
    }

@inreference{LeGoff1618-1978,
    author = {Le Goff, Jacques},
    editor = {},
    title = {Decadenza},
    booktitle = {Enciclopedia Einaudi},
    publisher = {Einaudi},
    series = {},
    location = {Turin},
    year = 1978,
    pagetotal = {12},
    language = {italien},
    keywords = {dict-crh, crh-1978}
    }

@inreference{LeGoff1619-1978,
    author = {Le Goff, Jacques},
    editor = {},
    title = {Documento/monumento},
    booktitle = {Enciclopedia Einaudi},
    publisher = {Einaudi},
    series = {},
    location = {Turin},
    year = 1978,
    pagetotal = {12},
    language = {italien},
    keywords = {dict-crh, crh-1978}
    }

@inreference{LeGoff1620-1978,
    author = {Le Goff, Jacques},
    editor = {},
    title = {Eschatologia},
    booktitle = {Enciclopedia Einaudi},
    publisher = {Einaudi},
    series = {},
    location = {Turin},
    year = 1978,
    pagetotal = {12},
    language = {italien},
    keywords = {dict-crh, crh-1978}
    }

@inreference{LeGoff1621-1978,
    author = {Le Goff, Jacques},
    editor = {},
    title = {Eta mitiche},
    booktitle = {Enciclopedia Einaudi},
    publisher = {Einaudi},
    series = {},
    location = {Turin},
    year = 1978,
    pagetotal = {30},
    language = {italien},
    keywords = {dict-crh, crh-1978}
    }

@inreference{Pesez1666-1978,
    author = {Pesez, Jean-Marie and R.Bucaille},
    editor = {},
    title = {Cultura materiale},
    booktitle = {Enciclopedia Einaudi},
    publisher = {Einaudi},
    series = {},
    location = {Turin},
    year = 1978,
    pagetotal = {35},
    language = {italien},
    keywords = {dict-crh, crh-1978}
    }

@inreference{Peter1667-1978,
    author = {Peter, Jean-Pierre},
    editor = {},
    title = {L'homme et son corps dans la société traditionnelle},
    booktitle = {Universalia},
    publisher = {Encyclopaedia Universalis},
    series = {},
    location = {Paris},
    year = 1978,
    pagetotal = {},
    language = {français},
    keywords = {dict-crh, crh-1978}
    }

@inreference{Pomian1675-1978,
    author = {Pomian, Krzysztof},
    editor = {},
    title = {Collezione},
    booktitle = {Enciclopedia Einaudi},
    publisher = {Einaudi},
    series = {},
    location = {Turin},
    year = 1978,
    pagetotal = {35},
    language = {italien},
    keywords = {dict-crh, crh-1978}
    }

@inreference{Pomian1679-1978,
    author = {Pomian, Krzysztof},
    editor = {},
    title = {Evento},
    booktitle = {Enciclopedia Einaudi},
    publisher = {Einaudi},
    series = {},
    location = {Turin},
    year = 1978,
    pagetotal = {22},
    language = {italien},
    keywords = {dict-crh, crh-1978}
    }

@inreference{Dauphin5183-1978,
    author = {Dauphin-Memeteau, Cécile},
    editor = {J.Le Goff and R.Chartier and J.Revel},
    title = {Femmes},
    booktitle = {La nouvelle histoire},
    publisher = {Retz},
    series = {},
    location = {Paris},
    year = 1978,
    pagetotal = {5},
    language = {français},
    keywords = {dict-crh, crh-1978}
    }

@inreference{Burguiere5350-1978,
    author = {Burguiere, André},
    editor = {J.Le Goff and R.Chartier and J.Revel},
    title = {L'anthropologie historique},
    booktitle = {La nouvelle histoire},
    publisher = {Retz},
    series = {},
    location = {Paris},
    year = 1978,
    pagetotal = {25},
    language = {français},
    keywords = {dict-crh, crh-1978}
    }

@inreference{Revel5685-1978,
    author = {Revel, Jacques},
    editor = {J.Le Goff and R.Chartier and J.Revel},
    title = {Alimentation},
    booktitle = {La nouvelle histoire},
    publisher = {Retz},
    series = {},
    location = {Paris},
    year = 1978,
    pagetotal = {2},
    language = {français},
    keywords = {dict-crh, crh-1978}
    }

@inreference{Revel5686-1978,
    author = {Revel, Jacques and R.Chartier},
    editor = {J.Le Goff and R.Chartier and J.Revel},
    title = {Annales},
    booktitle = {La nouvelle histoire},
    publisher = {Retz},
    series = {},
    location = {Paris},
    year = 1978,
    pagetotal = {6},
    language = {français},
    keywords = {dict-crh, crh-1978}
    }

@inreference{Chartier5687-1978,
    author = {Chartier, Roger and J.Revel},
    editor = {},
    title = {Annales},
    booktitle = {La nouvelle histoire},
    publisher = {Retz},
    series = {},
    location = {Paris},
    year = 1978,
    pagetotal = {6},
    language = {français},
    keywords = {dict-crh, crh-1978}
    }

@inreference{Valensi5688-1978,
    author = {Valensi, Lucette},
    editor = {J.Le Goff and R.Chartier and J.Revel},
    title = {Anthropologie économique},
    booktitle = {La nouvelle histoire},
    publisher = {Retz},
    series = {},
    location = {Paris},
    year = 1978,
    pagetotal = {4},
    language = {français},
    keywords = {dict-crh, crh-1978}
    }

@inreference{Chartier5689-1978,
    author = {Chartier, Roger},
    editor = {J.Le Goff and R.Chartier and J.Revel},
    title = {Archéologie industrielle},
    booktitle = {La nouvelle histoire},
    publisher = {Retz},
    series = {},
    location = {Paris},
    year = 1978,
    pagetotal = {2},
    language = {français},
    keywords = {dict-crh, crh-1978}
    }

@inreference{Revel5690-1978,
    author = {Revel, Jacques},
    editor = {J.Le Goff and R.Chartier and J.Revel},
    title = {Henri Berr},
    booktitle = {La nouvelle histoire},
    publisher = {Retz},
    series = {},
    location = {Paris},
    year = 1978,
    pagetotal = {2},
    language = {français},
    keywords = {dict-crh, crh-1978}
    }

@inreference{Aymard5691-1978,
    author = {Aymard, Maurice},
    editor = {J.Le Goff and R.Chartier and J.Revel},
    title = {Fernand Braudel},
    booktitle = {La nouvelle histoire},
    publisher = {Retz},
    series = {},
    location = {Paris},
    year = 1978,
    pagetotal = {4},
    language = {français},
    keywords = {dict-crh, crh-1978}
    }

@inreference{Revel5692-1978,
    author = {Revel, Jacques},
    editor = {J.Le Goff and R.Chartier and J.Revel},
    title = {Climat},
    booktitle = {La nouvelle histoire},
    publisher = {Retz},
    series = {},
    location = {Paris},
    year = 1978,
    pagetotal = {2},
    language = {français},
    keywords = {dict-crh, crh-1978}
    }

@inreference{Revel5693-1978,
    author = {Revel, Jacques},
    editor = {J.Le Goff and R.Chartier and J.Revel},
    title = {Corps},
    booktitle = {La nouvelle histoire},
    publisher = {Retz},
    series = {},
    location = {Paris},
    year = 1978,
    pagetotal = {3},
    language = {français},
    keywords = {dict-crh, crh-1978}
    }

@inreference{Aymard5694-1978,
    author = {Aymard, Maurice},
    editor = {J.Le Goff and R.Chartier and J.Revel},
    title = {Crise},
    booktitle = {La nouvelle histoire},
    publisher = {Retz},
    series = {},
    location = {Paris},
    year = 1978,
    pagetotal = {3},
    language = {français},
    keywords = {dict-crh, crh-1978}
    }

@inreference{Aymard5695-1978,
    author = {Aymard, Maurice},
    editor = {J.Le Goff and R.Chartier and J.Revel},
    title = {Croissance, développement},
    booktitle = {La nouvelle histoire},
    publisher = {Retz},
    series = {},
    location = {Paris},
    year = 1978,
    pagetotal = {4},
    language = {français},
    keywords = {dict-crh, crh-1978}
    }

@inreference{Revel5696-1978,
    author = {Revel, Jacques},
    editor = {J.Le Goff and R.Chartier and J.Revel},
    title = {Démographie historique},
    booktitle = {La nouvelle histoire},
    publisher = {Retz},
    series = {},
    location = {Paris},
    year = 1978,
    pagetotal = {6},
    language = {français},
    keywords = {dict-crh, crh-1978}
    }

@inreference{Aymard5697-1978,
    author = {Aymard, Maurice},
    editor = {J.Le Goff and R.Chartier and J.Revel},
    title = {Histoire économique},
    booktitle = {La nouvelle histoire},
    publisher = {Retz},
    series = {},
    location = {Paris},
    year = 1978,
    pagetotal = {6},
    language = {français},
    keywords = {dict-crh, crh-1978}
    }

@inreference{Chartier5698-1978,
    author = {Chartier, Roger},
    editor = {J.Le Goff and R.Chartier and J.Revel},
    title = {Education},
    booktitle = {La nouvelle histoire},
    publisher = {Retz},
    series = {},
    location = {Paris},
    year = 1978,
    pagetotal = {3},
    language = {français},
    keywords = {dict-crh, crh-1978}
    }

@inreference{Revel5699-1978,
    author = {Revel, Jacques},
    editor = {J.Le Goff and R.Chartier and J.Revel},
    title = {Enquête},
    booktitle = {La nouvelle histoire},
    publisher = {Retz},
    series = {},
    location = {Paris},
    year = 1978,
    pagetotal = {2},
    language = {français},
    keywords = {dict-crh, crh-1978}
    }

@inreference{Revel5700-1978,
    author = {Revel, Jacques},
    editor = {J.Le Goff and R.Chartier and J.Revel},
    title = {Evénement},
    booktitle = {La nouvelle histoire},
    publisher = {Retz},
    series = {},
    location = {Paris},
    year = 1978,
    pagetotal = {2},
    language = {français},
    keywords = {dict-crh, crh-1978}
    }

@inreference{Chartier5701-1978,
    author = {Chartier, Roger},
    editor = {J.Le Goff and R.Chartier and J.Revel},
    title = {Lucien Febvre},
    booktitle = {La nouvelle histoire},
    publisher = {Retz},
    series = {},
    location = {Paris},
    year = 1978,
    pagetotal = {4},
    language = {français},
    keywords = {dict-crh, crh-1978}
    }

@inreference{LeGoff5702-1978,
    author = {Le Goff, Jacques},
    editor = {J.Le Goff and R.Chartier and J.Revel},
    title = {L'histoire nouvelle},
    booktitle = {La nouvelle histoire},
    publisher = {Retz},
    series = {},
    location = {Paris},
    year = 1978,
    pagetotal = {32},
    language = {français},
    keywords = {dict-crh, crh-1978}
    }

@inreference{LeGoff5703-1978,
    author = {Le Goff, Jacques},
    editor = {J.Le Goff and R.Chartier and J.Revel},
    title = {Johan Huizinga},
    booktitle = {La nouvelle histoire},
    publisher = {Retz},
    series = {},
    location = {Paris},
    year = 1978,
    pagetotal = {4},
    language = {français},
    keywords = {dict-crh, crh-1978}
    }

@inreference{Ferro5704-1978,
    author = {Ferro, Marc},
    editor = {J.Le Goff and R.Chartier and J.Revel},
    title = {Image},
    booktitle = {La nouvelle histoire},
    publisher = {Retz},
    series = {},
    location = {Paris},
    year = 1978,
    pagetotal = {3},
    language = {français},
    keywords = {dict-crh, crh-1978}
    }

@inreference{Aymard5705-1978,
    author = {Aymard, Maurice},
    editor = {J.Le Goff and R.Chartier and J.Revel},
    title = {Ernest Labrousse},
    booktitle = {La nouvelle histoire},
    publisher = {Retz},
    series = {},
    location = {Paris},
    year = 1978,
    pagetotal = {3},
    language = {français},
    keywords = {dict-crh, crh-1978}
    }

@inreference{Chartier5706-1978,
    author = {Chartier, Roger},
    editor = {J.Le Goff and R.Chartier and J.Revel},
    title = {Livre},
    booktitle = {La nouvelle histoire},
    publisher = {Retz},
    series = {},
    location = {Paris},
    year = 1978,
    pagetotal = {3},
    language = {français},
    keywords = {dict-crh, crh-1978}
    }

@inreference{Chartier5707-1978,
    author = {Chartier, Roger},
    editor = {J.Le Goff and R.Chartier and J.Revel},
    title = {Outillage mental},
    booktitle = {La nouvelle histoire},
    publisher = {Retz},
    series = {},
    location = {Paris},
    year = 1978,
    pagetotal = {5},
    language = {français},
    keywords = {dict-crh, crh-1978}
    }

@inreference{Chartier5708-1978,
    author = {Chartier, Roger},
    editor = {J.Le Goff and R.Chartier and J.Revel},
    title = {Henri Pirenne},
    booktitle = {La nouvelle histoire},
    publisher = {Retz},
    series = {},
    location = {Paris},
    year = 1978,
    pagetotal = {2},
    language = {français},
    keywords = {dict-crh, crh-1978}
    }

@inreference{Chartier5709-1978,
    author = {Chartier, Roger},
    editor = {J.Le Goff and R.Chartier and J.Revel},
    title = {Populaire},
    booktitle = {La nouvelle histoire},
    publisher = {Retz},
    series = {},
    location = {Paris},
    year = 1978,
    pagetotal = {2},
    language = {français},
    keywords = {dict-crh, crh-1978}
    }

@inreference{Chartier5710-1978,
    author = {Chartier, Roger},
    editor = {J.Le Goff and R.Chartier and J.Revel},
    title = {Histoire positiviste},
    booktitle = {La nouvelle histoire},
    publisher = {Retz},
    series = {},
    location = {Paris},
    year = 1978,
    pagetotal = {2},
    language = {français},
    keywords = {dict-crh, crh-1978}
    }

@inreference{Aymard5711-1978,
    author = {Aymard, Maurice},
    editor = {J.Le Goff and R.Chartier and J.Revel},
    title = {Prix},
    booktitle = {La nouvelle histoire},
    publisher = {Retz},
    series = {},
    location = {Paris},
    year = 1978,
    pagetotal = {3},
    language = {français},
    keywords = {dict-crh, crh-1978}
    }

@inreference{Revel5712-1978,
    author = {Revel, Jacques},
    editor = {J.Le Goff and R.Chartier and J.Revel},
    title = {Prospective},
    booktitle = {La nouvelle histoire},
    publisher = {Retz},
    series = {},
    location = {Paris},
    year = 1978,
    pagetotal = {2},
    language = {français},
    keywords = {dict-crh, crh-1978}
    }

@inreference{Chartier5713-1978,
    author = {Chartier, Roger},
    editor = {J.Le Goff and R.Chartier and J.Revel},
    title = {Révolution},
    booktitle = {La nouvelle histoire},
    publisher = {Retz},
    series = {},
    location = {Paris},
    year = 1978,
    pagetotal = {5},
    language = {français},
    keywords = {dict-crh, crh-1978}
    }

@inreference{Chartier5714-1978,
    author = {Chartier, Roger},
    editor = {},
    title = {Revue historique},
    booktitle = {La nouvelle histoire},
    publisher = {Retz},
    series = {},
    location = {Paris},
    year = 1978,
    pagetotal = {2},
    language = {français},
    keywords = {dict-crh, crh-1978}
    }

@inreference{Chartier5715-1978,
    author = {Chartier, Roger},
    editor = {J.Le Goff and R.Chartier and J.Revel},
    title = {Histoire sérielle},
    booktitle = {La nouvelle histoire},
    publisher = {Retz},
    series = {},
    location = {Paris},
    year = 1978,
    pagetotal = {2},
    language = {français},
    keywords = {dict-crh, crh-1978}
    }

@inreference{Chartier5716-1978,
    author = {Chartier, Roger and D.Roche},
    editor = {J.Le Goff and R.Chartier and J.Revel},
    title = {Histoire sociale},
    booktitle = {La nouvelle histoire},
    publisher = {Retz},
    series = {},
    location = {Paris},
    year = 1978,
    pagetotal = {7},
    language = {français},
    keywords = {dict-crh, crh-1978}
    }

@inreference{Revel5717-1978,
    author = {Revel, Jacques},
    editor = {J.Le Goff and R.Chartier and J.Revel},
    title = {François Simiand},
    booktitle = {La nouvelle histoire},
    publisher = {Retz},
    series = {},
    location = {Paris},
    year = 1978,
    pagetotal = {3},
    language = {français},
    keywords = {dict-crh, crh-1978}
    }

@inreference{Chartier5718-1978,
    author = {Chartier, Roger},
    editor = {J.Le Goff and R.Chartier and J.Revel},
    title = {Werner Sombart},
    booktitle = {La nouvelle histoire},
    publisher = {Retz},
    series = {},
    location = {Paris},
    year = 1978,
    pagetotal = {2},
    language = {français},
    keywords = {dict-crh, crh-1978}
    }

@inreference{Aymard5719-1978,
    author = {Aymard, Maurice},
    editor = {J.Le Goff and R.Chartier and J.Revel},
    title = {Structure, conjoncture},
    booktitle = {La nouvelle histoire},
    publisher = {Retz},
    series = {},
    location = {Paris},
    year = 1978,
    pagetotal = {3},
    language = {français},
    keywords = {dict-crh, crh-1978}
    }

@inreference{Furet5720-1978,
    author = {Furet, François},
    editor = {J.Le Goff and R.Chartier and J.Revel},
    title = {Alexis de Tocqueville},
    booktitle = {La nouvelle histoire},
    publisher = {Retz},
    series = {},
    location = {Paris},
    year = 1978,
    pagetotal = {5},
    language = {français},
    keywords = {dict-crh, crh-1978}
    }

@inreference{Ariès5721-1978,
    author = {Ariès, Philippe},
    editor = {J.Le Goff and R.Chartier and J.Revel},
    title = {Histoire des mentalités},
    booktitle = {La nouvelle histoire},
    publisher = {Retz},
    series = {},
    location = {Paris},
    year = 1978,
    pagetotal = {22},
    language = {français},
    keywords = {dict-crh, crh-1978}
    }

@proceedings{Chartier1476-1978,
    editor = {Chartier, Roger and J.Le Goff and J.Revel},
    editortype = {dir.},
    title = {La nouvelle histoire},
    booktitle = {La nouvelle histoire},
    publisher = {Retz},
    location = {Paris},
    year = 1978,
    pagetotal = {},
    language = {français},
    keywords = {proceedings-crh, crh-1978}
    }

@proceedings{Bergeron1536-1978,
    editor = {Bergeron, Louis},
    editortype = {dir.},
    title = {L'histoire économique et sociale du monde},
    booktitle = {L'histoire économique et sociale du monde},
    publisher = {Colin},
    location = {Paris},
    year = 1978,
    pagetotal = {},
    language = {français},
    keywords = {proceedings-crh, crh-1978}
    }

@proceedings{LeGoff1617-1978,
    editor = {Le Goff, Jacques and R.Chartier and J.Revel},
    editortype = {dir.},
    title = {La nouvelle histoire},
    booktitle = {La nouvelle histoire},
    publisher = {Retz},
    location = {Paris},
    year = 1978,
    pagetotal = {575},
    language = {français},
    keywords = {proceedings-crh, crh-1978}
    }

@proceedings{Revel1693-1978,
    editor = {Revel, Jacques and J.Le Goff and R.Chartier},
    editortype = {dir.},
    title = {La nouvelle histoire},
    booktitle = {La nouvelle histoire},
    publisher = {Retz},
    location = {Paris},
    year = 1978,
    pagetotal = {},
    language = {français},
    keywords = {proceedings-crh, crh-1978}
    }

@proceedings{Farge1770-1978,
    editor = {Farge, Arlette and B.Vincent and F.Raison},
    editortype = {dir.},
    title = {Marginaux et exclus dans l'histoire},
    booktitle = {Marginaux et exclus dans l'histoire},
    publisher = {UGE},
    location = {Paris},
    year = 1978,
    pagetotal = {},
    language = {français},
    keywords = {proceedings-crh, crh-1978}
    }

@incollection{Braunstein1268-1978,
    author = {Braunstein, Philippe},
    editor = {},
    title = {Pénurie et cherté à Venise pendant la guerre de Chioggia (1378-1381)},
    booktitle = {Mélanges O. Pickl, Grazer Forschungen zur Wirtschafts-und Sozialgeschichte},
    publisher = {},
    location = {},
    year = 1978,
    pagetotal = {},
    language = {français},
    keywords = {melanges-crh, crh-1978}
    }

@incollection{Pesez1403-1978,
    author = {Pesez, Jean-Marie},
    editor = {},
    title = {Stratigraphie der Reste nicht gemauerter mittelalterlicher Wohnbauten},
    booktitle = {Mélanges Otto},
    publisher = {},
    location = {},
    year = 1978,
    pagetotal = {6},
    language = {allemand},
    keywords = {melanges-crh, crh-1978}
    }

@incollection{Braunstein1546-1978,
    author = {Braunstein, Philippe},
    editor = {},
    title = {Sur l'activité des Fugger à Rome entre 1517 et 1527},
    booktitle = {Mélanges},
    publisher = {},
    location = {Nuremberg},
    year = 1978,
    pagetotal = {21},
    language = {français},
    keywords = {melanges-crh, crh-1978}
    }

@incollection{Jeannin1593-1978,
    author = {Jeannin, Pierre},
    editor = {},
    title = {Armements et commerce international dans la seconde moitié du 16e siècle},
    booktitle = {},
    publisher = {},
    location = {Nuremberg},
    year = 1978,
    pagetotal = {20},
    language = {français},
    keywords = {melanges-crh, crh-1978}
    }

@incollection{LeGoff1624-1978,
    author = {Le Goff, Jacques},
    editor = {},
    title = {Jérusalem ou Babylone? L'image de la ville dans la littérature française médiévale},
    booktitle = {Critique},
    publisher = {},
    location = {},
    year = 1978,
    pagetotal = {},
    language = {français},
    keywords = {melanges-crh, crh-1978}
    }

@incollection{Tenenti1722-1978,
    author = {Tenenti, Alberto and B.Tenenti},
    editor = {},
    title = {Note sul rapporto tra valore delle merci e somme assicurate alla fine del Cinquecent},
    booktitle = {Studi in memoria di Federigo Melis},
    publisher = {},
    location = {Naples},
    year = 1978,
    pagetotal = {12},
    language = {italien},
    keywords = {melanges-crh, crh-1978}
    }

@incollection{Pomian78-1978,
    author = {Pomian, Krzysztof},
    editor = {S.Swiezawski and J.Czerkawski},
    title = {Le thomisme et les transformations de la philosophie européenne aux 19e et 20e siècles},
    booktitle = {Etudes d'histoire de la pensée de Saint-Thomas d'Aquin},
    publisher = {Towarzystwo Naukowe KUL},
    location = {Lublin (Pologne)},
    year = 1978,
    pagetotal = {15},
    language = {polonais},
    keywords = {collectif-crh, crh-1978}
    }

@incollection{Courbin97-1978,
    author = {Courbin, Paul},
    editor = {?},
    title = {L'Oikos de Naxiens},
    booktitle = {Exploration Archéologique de Délos},
    publisher = {},
    location = {},
    year = 1978,
    pagetotal = {},
    language = {français},
    keywords = {collectif-crh, crh-1978}
    }

@incollection{Julliard160-1978,
    author = {Julliard, Jacques},
    editor = {P.Birnbaum},
    title = {Les syndicats et la politique},
    booktitle = {Critique des pratiques politiques},
    publisher = {Galilée},
    location = {Paris},
    year = 1978,
    pagetotal = {},
    language = {français},
    keywords = {collectif-crh, crh-1978}
    }

@incollection{Guillou183-1978,
    author = {Guillou, André},
    editor = {?},
    title = {L'economia della Calabria nel catepanato d'Italia},
    booktitle = {Calabria byzantina},
    publisher = {Reggio Calabria},
    location = {},
    year = 1978,
    pagetotal = {17},
    language = {italien},
    keywords = {collectif-crh, crh-1978}
    }

@incollection{Guillou184-1978,
    author = {Guillou, André},
    editor = {?},
    title = {La culture slave dans le Katépanat byzantin d'Italie (10e-11e siècles)},
    booktitle = {Slavjanske kultury i Balkany},
    publisher = {},
    location = {Sofia},
    year = 1978,
    pagetotal = {8},
    language = {français},
    keywords = {collectif-crh, crh-1978}
    }

@incollection{Guillou185-1978,
    author = {Guillou, André},
    editor = {?},
    title = {Citta e campagna nell'Italia meridionale bizantina (6e-11e secolo)},
    booktitle = {Habitat-Strutture-Territorio},
    publisher = {},
    location = {Galatina},
    year = 1978,
    pagetotal = {18},
    language = {italien},
    keywords = {collectif-crh, crh-1978}
    }

@incollection{Guillou186-1978,
    author = {Guillou, André},
    editor = {?},
    title = {L'Italie byzantine du 9e au 11e siècle. Etat des questions},
    booktitle = {L'art dans l'Italie méridionale},
    publisher = {},
    location = {Rome},
    year = 1978,
    pagetotal = {45},
    language = {français},
    keywords = {collectif-crh, crh-1978}
    }

@incollection{Guillou187-1978,
    author = {Guillou, André},
    editor = {?},
    title = {L'art des moines basiliens dans les pays grecs et latins de l'Italie méridionale},
    booktitle = {L'art dans l'Italie méridionale},
    publisher = {},
    location = {Rome},
    year = 1978,
    pagetotal = {9},
    language = {français},
    keywords = {collectif-crh, crh-1978}
    }

@incollection{Farge203-1978,
    author = {Farge, Arlette},
    editor = {B.Vincent and A.Farge and F.Raison},
    title = {Le mendiant, un marginal? Les révoltes au moment des arrestations de mendiants à Paris au 18e siècle},
    booktitle = {Les marginaux et les exclus dans l'histoire},
    publisher = {UGE},
    location = {Paris},
    year = 1978,
    pagetotal = {},
    language = {français},
    keywords = {collectif-crh, crh-1978}
    }

@incollection{Dupaquier209-1978,
    author = {Dupaquier, Jacques},
    editor = {?},
    title = {Le mouvement de la population française de 1785 à 1800},
    booktitle = {Voies nouvelles pour l'histoire démographique de la Révolution française},
    publisher = {},
    location = {Paris},
    year = 1978,
    pagetotal = {},
    language = {français},
    keywords = {collectif-crh, crh-1978}
    }

@incollection{LeGoff221-1978,
    author = {Le Goff, Jacques},
    editor = {?},
    title = {Ist der historische Roman im 12. Jahrhundert entstanden?},
    booktitle = {Der altfranzösische höfische Roman},
    publisher = {Wissemschaftliche Bu},
    location = {Darmstadt},
    year = 1978,
    pagetotal = {},
    language = {allemand},
    keywords = {collectif-crh, crh-1978}
    }

@incollection{Randles473-1978,
    author = {Randles, William},
    editor = {?},
    title = {Modèles et obstacles épistémologiques : Aristote, Lactance et Ptolémée à l'époque des Découvertes},
    booktitle = {L'Humanisme Portugais et l'Europe, Actes du XXIe Colloque international d'Etudes Humanistes},
    publisher = {},
    location = {},
    year = 1978,
    pagetotal = {},
    language = {français},
    keywords = {collectif-crh, crh-1978}
    }

@incollection{Julliard709-1978,
    author = {Julliard, Jacques},
    editor = {?},
    title = {Que peuvent les intellectuels?},
    booktitle = {Dialogues Franco-Italiens},
    publisher = {France culture},
    location = {Paris},
    year = 1978,
    pagetotal = {},
    language = {français},
    keywords = {collectif-crh, crh-1978}
    }

@incollection{LeGoff1379-1978,
    author = {Le Goff, Jacques},
    editor = {?},
    title = {L'exemplum},
    booktitle = {Typologie des sources médiévales},
    publisher = {},
    location = {Louvain},
    year = 1978,
    pagetotal = {},
    language = {français},
    keywords = {collectif-crh, crh-1978}
    }

@incollection{Vincent1464-1978,
    author = {Vincent, Bernard},
    editor = {?},
    title = {La famille morisque},
    booktitle = {Les mentalités dans la péninsule ibérique et en Amérique latine aux XVIe et XVIIe siècles},
    publisher = {},
    location = {Tours},
    year = 1978,
    pagetotal = {17},
    language = {français},
    keywords = {collectif-crh, crh-1978}
    }

@incollection{Andreau4970-1978,
    author = {Andreau, Jean},
    editor = {?},
    title = {Financiers de l'aristocratie à la fin de la République},
    booktitle = {Le dernier siècle de la république romaine et l'époque augustéenne},
    publisher = {A.E.C.R.},
    location = {Strasbourg},
    year = 1978,
    pagetotal = {16},
    language = {français},
    keywords = {collectif-crh, crh-1978}
    }

@incollection{Aymard5184-1978,
    author = {Aymard, Maurice},
    editor = {?},
    title = {La transizione dal feudalesimo al capitalismo},
    booktitle = {Storia d'italia. Annali, I. Dal feudalesimo al capitalismo},
    publisher = {Einaudi},
    location = {Turin},
    year = 1978,
    pagetotal = {61},
    language = {italien},
    keywords = {collectif-crh, crh-1978}
    }

@incollection{Daumard5232-1978,
    author = {Daumard, Adeline},
    editor = {?},
    title = {Les statistiques successorales en France aux 19e et 20e siècles},
    booktitle = {Pour une histoire de la statistique},
    publisher = {INSEE},
    location = {Paris},
    year = 1978,
    pagetotal = {12},
    language = {français},
    keywords = {collectif-crh, crh-1978}
    }

@incollection{Daumard5242-1978,
    author = {Daumard, Adeline},
    editor = {?},
    title = {Ecarts des revenus, écarts des fortunes: quelques réflexions de méthode},
    booktitle = {Histoire, économie, sociétés},
    publisher = {},
    location = {Lyon},
    year = 1978,
    pagetotal = {21},
    language = {français},
    keywords = {collectif-crh, crh-1978}
    }

@incollection{Bardet5502-1978,
    author = {Bardet, Jean-Pierre and J.M.Gouesse},
    editor = {?},
    title = {Le calendrier des mariages à Rouen},
    booktitle = {Voies nouvelles pour l'histoire démographique de la Révolution française},
    publisher = {},
    location = {Paris},
    year = 1978,
    pagetotal = {17},
    language = {français},
    keywords = {collectif-crh, crh-1978}
    }

@incollection{Braunstein5524-1978,
    author = {Braunstein, Philippe},
    editor = {?},
    title = {Pénurie et cherté à Venise pendant la guerre de Chioggia (1378-1381)},
    booktitle = {Grazer Forschungen zur Wirschafts-une Sozial-geschichte},
    publisher = {},
    location = {Graz},
    year = 1978,
    pagetotal = {15},
    language = {français},
    keywords = {collectif-crh, crh-1978}
    }

@article{Schnapper1707-1978,
    author = {Schnapper, Dominique},
    title = {présentation au numéro spécial: Travailleurs émigrés},
    journal = {Ethnologie française},
    year = 1978,
    language = {français},
    keywords = {intro-journal-crh, crh-1978}
    }

@article{Wachtel1729-1978,
    author = {Wachtel, Nathan and J.Murra},
    title = {Présentation: Anthropologie historique des sociétés andines},
    journal = {Annales E.S.C.},
    year = 1978,
    language = {français},
    keywords = {intro-journal-crh, crh-1978}
    }

@incollection{LeGoff1386-1978,
    author = {Le Goff, Jacques},
    editor = {},
    title = {préface},
    booktitle = {La Littérature et la vie politique et social au Moyen Age},
    publisher = {PUF},
    location = {Paris},
    year = 1978,
    pagetotal = {},
    language = {français},
    keywords = {preface-book-crh, crh-1978}
    }

@incollection{Daumard1502-1978,
    author = {Daumard, Adeline},
    editor = {},
    title = {préface: Paris et les Parisiens au 19e siècle},
    booktitle = {Ville et société. Paris au XIXe siècle},
    publisher = {},
    location = {Paris},
    year = 1978,
    pagetotal = {},
    language = {français},
    keywords = {preface-book-crh, crh-1978}
    }

@book{Tenenti1721-1978,
    author = {Tenenti, Alberto},
    title = {Il Borghese gentiluomo},
    publisher = {},
    series = {},
    location = {Bologne},
    year = 1978,
    pagetotal = {},
    language = {italien},
    % addendum = {Introduction},
    keywords = {edition-txt-crh, crh-1978}
    }

@book{Braunstein1269-1978,
    author = {Braunstein, Philippe},
    editor = {},
    title = {Venise, portrait historique d'une cité},
    publisher = {Seuil},
    series = {},
    location = {Paris},
    year = 1978,
    pagetotal = {},
    language = {français},
    addendum = {réédition},
    keywords = {reedition-crh, crh-1978}
    }

@incollection{Hemardinquer1355-1978,
    author = {Hemardinquer, Jean-Jacques},
    editor = {B. Quemada},
    title = {Matériaux pour l'histoire du vocabulaire français, Datations et documents lexicographiques},
    booktitle = {Matériaux pour l'histoire du vocabulaire français, Datations et Documents lexicographiques},
    publisher = {Klincksieck},
    series = {},
    location = {Paris},
    year = 1978,
    pagetotal = {},
    language = {français},
    keywords = {outil-recherche-crh, crh-1978}
    }

@book{Dupaquier1503-1978,
    author = {Dupaquier, Jacques and J.P.Bardet},
    editor = {},
    title = {Ain},
    publisher = {CNRS},
    series = {},
    location = {Paris},
    year = 1978,
    pagetotal = {},
    language = {français},
    keywords = {outil-recherche-crh, crh-1978}
    }

@book{Bardet1524-1978,
    author = {Bardet, Jean-Pierre and J.Dupâquier},
    editor = {},
    title = {Dictionnaire des paroisses},
    publisher = {CNRS},
    series = {},
    location = {Paris},
    year = 1978,
    pagetotal = {},
    language = {français},
    keywords = {outil-recherche-crh, crh-1978}
    }

@book{Bardet1530-1978,
    author = {Bardet, Jean-Pierre and J.Dupâquier},
    editor = {},
    title = {Dictionnaire des paroisses},
    publisher = {CNRS},
    series = {},
    location = {Paris},
    year = 1978,
    pagetotal = {},
    language = {français},
    keywords = {outil-recherche-crh, crh-1978}
    }

@book{Bergeron1539-1978,
    author = {Bergeron, Louis and G.Chaussinand},
    editor = {},
    title = {Grands notables du premier Empire},
    publisher = {CNRS},
    series = {},
    location = {Paris},
    year = 1978,
    pagetotal = {},
    language = {français},
    keywords = {outil-recherche-crh, crh-1978}
    }

@book{LeMee1630-1978,
    author = {Le Mee, René},
    editor = {},
    title = {bibliographie},
    publisher = {Lecerf},
    series = {},
    location = {Rouen},
    year = 1978,
    pagetotal = {},
    language = {français},
    keywords = {outil-recherche-crh, crh-1978}
    }

@book{Dupaquier1635-1978,
    author = {Dupaquier, Jacques and J.P.Bardet},
    editor = {},
    title = {Rhône},
    publisher = {CNRS},
    series = {},
    location = {Paris},
    year = 1978,
    pagetotal = {},
    language = {français},
    keywords = {outil-recherche-crh, crh-1978}
    }

@book{Nora1653-1978,
    author = {Nora, Pierre and Dominique Boché},
    editor = {},
    title = {Vincent Auriol: Journal du septennat. T.VII},
    publisher = {Armand Colin},
    series = {},
    location = {Paris},
    year = 1978,
    pagetotal = {},
    language = {français},
    keywords = {outil-recherche-crh, crh-1978}
    }

@book{Vitu1725-1978,
    author = {Vitu, Anne},
    editor = {},
    title = {Dictionnaire des paroisses et communes de France: l'Aube},
    publisher = {CNRS},
    series = {},
    location = {Paris},
    year = 1978,
    pagetotal = {},
    language = {français},
    keywords = {outil-recherche-crh, crh-1978}
    }

@book{LeMée5321-1978,
    author = {Le Mée, René},
    editor = {},
    title = {Bibliographie internationale analytique et annuelle de la démographie historique},
    publisher = {},
    series = {},
    location = {},
    year = 1978,
    pagetotal = {},
    language = {français},
    keywords = {outil-recherche-crh, crh-1978}
    }

@article{Courbin1301-1978,
    author = {Courbin, Paul},
    title = {Rapport sur les 3e et 4e campagnes (1975-1976)},
    journal = {Gallia},
    year = 1978,
    language = {français},
    keywords = {art-rapport-crh, crh-1978}
    }

