@article{Arbellot1763-1981,
    author = {Arbellot, Guy},
    title = {Arthur Young et la circulation en France},
    journal = {Revue d'histoire moderne et contemporaine},
    year = 1981,
    language = {français},
    keywords = {art-crh, crh-1981}
    }

@article{Arbellot1764-1981,
    author = {Arbellot, Guy},
    title = {Les tournées de J.-R.Perronet sur les routes de France (1754-1763)},
    journal = {Annales des ponts et chaussées},
    year = 1981,
    language = {français},
    keywords = {art-crh, crh-1981}
    }

@article{Aymard1769-1981,
    author = {Aymard, Maurice},
    title = {L'Europe moderne: féodalité ou féodalités?},
    journal = {Annales E.S.C.},
    year = 1981,
    language = {français},
    keywords = {art-crh, crh-1981}
    }

@article{Bardet1774-1981,
    author = {Bardet, Jean-Pierre},
    title = {La mortalité maternelle autrefois},
    journal = {Annales de démographie historique},
    year = 1981,
    language = {français},
    keywords = {art-crh, crh-1981}
    }

@article{Bardet1775-1981,
    author = {Bardet, Jean-Pierre},
    title = {Problèmes d'un bilan urbain},
    journal = {Bulletin de la société d'histoire moderne},
    year = 1981,
    language = {français},
    keywords = {art-crh, crh-1981}
    }

@article{Baulant1776-1981,
    author = {Baulant, Micheline},
    title = {Typologie des inventaires après décès},
    journal = {A.A.G. Bijdragen},
    year = 1981,
    language = {français},
    keywords = {art-crh, crh-1981}
    }

@article{Baulant1777-1981,
    author = {Baulant, Micheline},
    title = {Enquête sur les inventaires après décès autour de Meaux aux 17e et 18e siècles},
    journal = {A.A.G. Bijdragen},
    year = 1981,
    language = {français},
    keywords = {art-crh, crh-1981}
    }

@article{Baulant1778-1981,
    author = {Baulant, Micheline and F.Piponnier and Y.Triantafyllidou and G.Veinstein},
    title = {Problématique et méthode communes aux corpus présentés par les chercheurs de l'EHESS de Paris: Bourgogne (14e-15e s.), Brie (17e-18e s.), Crète (fin 17e-18e s.)},
    journal = {A.A.G. Bijdragen},
    year = 1981,
    language = {français},
    keywords = {art-crh, crh-1981}
    }

@article{Beutler1782-1981,
    author = {Beutler, Corinne},
    title = {Histoire agraire, agronomie, agriculture dans l'œuvre de Gertrud Schröder-Lembke},
    journal = {Etudes rurales},
    year = 1981,
    language = {français},
    keywords = {art-crh, crh-1981}
    }

@article{Bonnain1787-1981,
    author = {Bonnain, Rolande},
    title = {Unité territoriale et identité administrative: l'exemple des Baronnies},
    journal = {Le monde alpin et rhodanien},
    year = 1981,
    language = {français},
    keywords = {art-crh, crh-1981}
    }

@article{Bonnain1791-1981,
    author = {Bonnain, Rolande},
    title = {A propos de quelques coutumes funéraires à Argelès sous la Restauration},
    journal = {Lavedan et pays Foy},
    year = 1981,
    language = {français},
    keywords = {art-crh, crh-1981}
    }

@article{Bourdelais1795-1981,
    author = {Bourdelais, Patrice},
    title = {Le poids démographique des femmes seules en France (deuxième moitié du 19e siècle)},
    journal = {Annales de démographie historique},
    year = 1981,
    language = {français},
    keywords = {art-crh, crh-1981}
    }

@article{Braunstein1797-1981,
    author = {Braunstein, Philippe},
    title = {Signes du pouvoir et symbolique de l'Etat, livre-montage de P.E.Schramm, Herrschatszeichen},
    journal = {Le Débat},
    year = 1981,
    language = {français},
    keywords = {art-crh, crh-1981}
    }

@article{Burguiere1800-1981,
    author = {Burguiere, André},
    title = {Pierre Legrand d'Aussy: la vie quotidienne des français. Livre-montage},
    journal = {Le Débat},
    year = 1981,
    language = {français},
    keywords = {art-crh, crh-1981}
    }

@article{Chartier1805-1981,
    author = {Chartier, Roger},
    title = {L'ancien régime typographique: réflexions sur quelques travaux récents},
    journal = {Annales E.S.C.},
    year = 1981,
    language = {français},
    keywords = {art-crh, crh-1981}
    }

@article{Chartier1806-1981,
    author = {Chartier, Roger},
    title = {Cultures, Lumières, doléances: les cahiers de 1789},
    journal = {Revue d'histoire moderne et contemporaine},
    year = 1981,
    language = {français},
    keywords = {art-crh, crh-1981}
    }

@article{Chartier1808-1981,
    author = {Chartier, Roger},
    title = {La culture populaire en question},
    journal = {H.Histoire},
    year = 1981,
    language = {français},
    keywords = {art-crh, crh-1981}
    }

@article{Chartier1809-1981,
    author = {Chartier, Roger},
    title = {L'histoire au singulier},
    journal = {Critique},
    year = 1981,
    language = {français},
    keywords = {art-crh, crh-1981}
    }

@article{Coulier1818-1981,
    author = {Coulier, Jean-Paul},
    title = {Méthodologie du codage des inventaires après décès},
    journal = {A.A.G. Bijdragen},
    year = 1981,
    language = {français},
    keywords = {art-crh, crh-1981}
    }

@article{Coulier1819-1981,
    author = {Coulier, Jean-Paul},
    title = {Problèmes de vocabulaire dans les inventaires après décès},
    journal = {Médiéviste et l'ordinateur},
    year = 1981,
    language = {français},
    keywords = {art-crh, crh-1981}
    }

@article{Courbin1822-1981,
    author = {Courbin, Paul},
    title = {Une tombe familiale à Ras el Bassit},
    journal = {Bulletin de correspondance hellénique},
    year = 1981,
    language = {français},
    keywords = {art-crh, crh-1981}
    }

@article{Courbin1827-1981,
    author = {Courbin, Paul},
    title = {Silos à Bassit},
    journal = {Bulletin de correspondance hellénique},
    year = 1981,
    language = {français},
    keywords = {art-crh, crh-1981}
    }

@article{Courbin1828-1981,
    author = {Courbin, Paul},
    title = {Quelques importations rares à Ras el Bassit},
    journal = {Bulletin de correspondance hellénique},
    year = 1981,
    language = {français},
    keywords = {art-crh, crh-1981}
    }

@article{Courbin1829-1981,
    author = {Courbin, Paul},
    title = {Ras el Bassit},
    journal = {Archiv für Orientforschung},
    year = 1981,
    language = {français},
    keywords = {art-crh, crh-1981}
    }

@article{Desaive1836-1981,
    author = {Desaive, Jean-Paul},
    title = {Généalogie Machavoine (branches de Poilly et Charbuy)},
    journal = {Revue des sciences de l'histoire du dpt de l'Yonne},
    year = 1981,
    language = {français},
    keywords = {art-crh, crh-1981}
    }

@article{Ducreux1840-1981,
    author = {Ducreux, Marie-Elisabeth},
    title = {Baroque et Bohême},
    journal = {Cahiers musique-culture},
    year = 1981,
    language = {français},
    keywords = {art-crh, crh-1981}
    }

@article{Dupaquier1847-1981,
    author = {Dupaquier, Jacques},
    title = {Du contresens à l'illusion technique},
    journal = {Annales E.S.C.},
    year = 1981,
    language = {français},
    keywords = {art-crh, crh-1981}
    }

@article{Dupaquier1848-1981,
    author = {Dupaquier, Jacques},
    title = {Pour en savoir plus sur la mobilité géographique et sociale en France depuis 1800},
    journal = {Démographie historique. Bulletin d'information},
    year = 1981,
    language = {français},
    keywords = {art-crh, crh-1981}
    }

@article{Fauve1851-1981,
    author = {Fauve, Antoinette},
    title = {La femme seule et son travail},
    journal = {Annales de démographie historique},
    year = 1981,
    language = {français},
    keywords = {art-crh, crh-1981}
    }

@article{Fridenson1862-1981,
    author = {Fridenson, Patrick},
    title = {Nationalisations: ouvriers de la première et de la onzième heure},
    journal = {Le Débat},
    year = 1981,
    language = {français},
    keywords = {art-crh, crh-1981}
    }

@article{Furet1869-1981,
    author = {Furet, François},
    title = {La Révolution sans la terreur? Le débat des historiens du 19e siècle},
    journal = {Le Débat},
    year = 1981,
    language = {français},
    keywords = {art-crh, crh-1981}
    }

@article{Gauchet1872-1981,
    author = {Gauchet, Marcel},
    title = {Des deux corps du roi au pouvoir sans corps. Christianisme et politique},
    journal = {Le Débat},
    year = 1981,
    language = {français},
    keywords = {art-crh, crh-1981}
    }

@article{Goy1878-1981,
    author = {Goy, Joseph},
    title = {L'argent et la circulation des capitaux dans les pays méditerranéens, 18e-20e siècles},
    journal = {Cahiers de la Méditerranée},
    year = 1981,
    language = {français},
    keywords = {art-crh, crh-1981}
    }

@article{Nahoum1885-1981,
    author = {Nahoum-Grappe, Véronique and I.Chiva},
    title = {Miroir, miroir, au moins suis-je la plus belle du royaume?},
    journal = {Information sur les sciences sociales},
    year = 1981,
    language = {français},
    keywords = {art-crh, crh-1981}
    }

@article{Guillou1898-1981,
    author = {Guillou, André},
    title = {Outils de travail dans les Balkans du 13e au 19e siècle},
    journal = {Revue des études du Sud-Est européen},
    year = 1981,
    language = {français},
    keywords = {art-crh, crh-1981}
    }

@article{Guillou1899-1981,
    author = {Guillou, André},
    title = {Technologie},
    journal = {Jahrbuch der österreichischen byzantinistik},
    year = 1981,
    language = {français},
    keywords = {art-crh, crh-1981}
    }

@article{Guillou1900-1981,
    author = {Guillou, André},
    title = {Grecs de l'étranger},
    journal = {Travaux et mémoires},
    year = 1981,
    language = {français},
    keywords = {art-crh, crh-1981}
    }

@article{Jouhaud1905-1981,
    author = {Jouhaud, Christian},
    title = {Miracle du lisse},
    journal = {Critique},
    year = 1981,
    language = {français},
    keywords = {art-crh, crh-1981}
    }

@article{Jouhaud1906-1981,
    author = {Jouhaud, Christian},
    title = {Le conseil du Roi, Bordeaux et les Bordelais (1579-1610, 1630-1680)},
    journal = {Annales du Midi},
    year = 1981,
    language = {français},
    keywords = {art-crh, crh-1981}
    }

@article{JudetDeLaCombe1908-1981,
    author = {Judet De La Combe, P and J.Bollack},
    title = {La dissonance lyrique. Sur le sens de la tragédie},
    journal = {Cahiers de philologie},
    year = 1981,
    language = {français},
    keywords = {art-crh, crh-1981}
    }

@article{Julia1913-1981,
    author = {Julia, Dominique and W.Frijhoff},
    title = {Les grands pensionnats de l'Ancien Régime à la Restauration: la permanence d'une structure éducative},
    journal = {Annales historiques de la Révolution française},
    year = 1981,
    language = {français},
    keywords = {art-crh, crh-1981}
    }

@article{Julia1914-1981,
    author = {Julia, Dominique},
    title = {La naissance du corps professoral},
    journal = {Actes de la recherche en sciences sociales},
    year = 1981,
    language = {français},
    keywords = {art-crh, crh-1981}
    }

@article{Julia1916-1981,
    author = {Julia, Dominique and M.M.Compère},
    title = {Les collèges sous l'Ancien Régime. Présentation d'un instrument de travail},
    journal = {Histoire de l'éducation},
    year = 1981,
    language = {français},
    keywords = {art-crh, crh-1981}
    }

@article{Julliard1917-1981,
    author = {Julliard, Jacques},
    title = {Le jeu et les enjeux},
    journal = {Le Débat},
    year = 1981,
    language = {français},
    keywords = {art-crh, crh-1981}
    }

@article{Julliard1919-1981,
    author = {Julliard, Jacques},
    title = {Political history in the 1980's. Reflections on its present and future},
    journal = {Journal of interdisciplinary history},
    year = 1981,
    language = {anglais},
    keywords = {art-crh, crh-1981}
    }

@article{Julliard1920-1981,
    author = {Julliard, Jacques},
    title = {The bomb in rue Copernic},
    journal = {The Washington quaterly},
    year = 1981,
    language = {anglais},
    keywords = {art-crh, crh-1981}
    }

@article{Julliard1921-1981,
    author = {Julliard, Jacques},
    title = {La grève dans la conscience ouvrière},
    journal = {H.Histoire},
    year = 1981,
    language = {français},
    keywords = {art-crh, crh-1981}
    }

@article{Julliard1922-1981,
    author = {Julliard, Jacques},
    title = {La cultura operaia in Francia: coesistenza di integrazione politica e autonomia sociale},
    journal = {Economia e lavoro},
    year = 1981,
    language = {italien},
    keywords = {art-crh, crh-1981}
    }

@article{Julliard1923-1981,
    author = {Julliard, Jacques},
    title = {Le syndicalisme révolutionnaire français et la politique (1900-1914)},
    journal = {Ricerche storiche},
    year = 1981,
    language = {français},
    keywords = {art-crh, crh-1981}
    }

@article{Klapisch1928-1981,
    author = {Klapisch-Zuber, Christiane},
    title = {Une ethnologie du mariage au temps de l'humanisme},
    journal = {Annales E.S.C.},
    year = 1981,
    language = {français},
    keywords = {art-crh, crh-1981}
    }

@article{Klapisch1929-1981,
    author = {Klapisch-Zuber, Christiane},
    title = {Célibat et service féminin dans la Florence du 15e siècle},
    journal = {Annales de démographie historique},
    year = 1981,
    language = {français},
    keywords = {art-crh, crh-1981}
    }

@article{LeGoff1939-1981,
    author = {Le Goff, Jacques},
    title = {Temps du travail},
    journal = {Temps libre},
    year = 1981,
    language = {français},
    keywords = {art-crh, crh-1981}
    }

@article{LeGoff1941-1981,
    author = {Le Goff, Jacques},
    title = {Temps et société chrétienne au moyen âge},
    journal = {Temps libre},
    year = 1981,
    language = {français},
    keywords = {art-crh, crh-1981}
    }

@article{Lemay1945-1981,
    author = {Lemay, Edna},
    title = {Le prosélytisme de Roselière},
    journal = {Annales historiques de la Révolution française},
    year = 1981,
    language = {français},
    keywords = {art-crh, crh-1981}
    }

@article{Netter1953-1981,
    author = {Netter, Marie-Laurence},
    title = {Les écoles primaires sous le Directoire},
    journal = {Annales historiques de la Révolution française},
    year = 1981,
    language = {français},
    keywords = {art-crh, crh-1981}
    }

@article{Netter1954-1981,
    author = {Netter, Marie-Laurence},
    title = {Elisée Reclus: une certaine conception de l'histoire},
    journal = {Hérodote},
    year = 1981,
    language = {français},
    keywords = {art-crh, crh-1981}
    }

@article{Ozouf1957-1981,
    author = {Ozouf, Mona},
    title = {L'invention de l'ethnographie française: le questionnaire de l'Académie celtique},
    journal = {Annales E.S.C.},
    year = 1981,
    language = {français},
    keywords = {art-crh, crh-1981}
    }

@article{Ozouf1958-1981,
    author = {Ozouf, Mona},
    title = {Le marché aux puces des passions françaises},
    journal = {Le Débat},
    year = 1981,
    language = {français},
    keywords = {art-crh, crh-1981}
    }

@article{Ozouf1959-1981,
    author = {Ozouf, Mona},
    title = {L'héritage jacobin, fortune et onfortunes d'un mot},
    journal = {Le Débat},
    year = 1981,
    language = {français},
    keywords = {art-crh, crh-1981}
    }

@article{Pasquet1965-1981,
    author = {Pasquet, Yvonne},
    title = {Les ruraux parlent du changement},
    journal = {Tud Ha Bro, Sociétés bretonnes},
    year = 1981,
    language = {français},
    keywords = {art-crh, crh-1981}
    }

@article{Perrot1968-1981,
    author = {Perrot, Jean-Claude},
    title = {Le présent et la durée dans l'œuvre de F.Braudel},
    journal = {Annales E.S.C.},
    year = 1981,
    language = {français},
    keywords = {art-crh, crh-1981}
    }

@article{Perrot1969-1981,
    author = {Perrot, Jean-Claude},
    title = {Les dictionnaires d'économie au 18e siècle},
    journal = {Revue d'histoire moderne et contemporaine},
    year = 1981,
    language = {français},
    keywords = {art-crh, crh-1981}
    }

@article{Pesez1973-1981,
    author = {Pesez, Jean-Marie},
    title = {Recherches sur l'habitat médiéval: fouilles de Calathamet},
    journal = {Sicilia Archeologica},
    year = 1981,
    language = {français},
    keywords = {art-crh, crh-1981}
    }

@article{Pomian1990-1981,
    author = {Pomian, Krzysztof},
    title = {Miracle en Pologne?},
    journal = {Le Débat},
    year = 1981,
    language = {français},
    keywords = {art-crh, crh-1981}
    }

@article{Pomian1991-1981,
    author = {Pomian, Krzysztof},
    title = {Miracle in Poland},
    journal = {Telos},
    year = 1981,
    language = {anglais},
    keywords = {art-crh, crh-1981}
    }

@article{Pomian1992-1981,
    author = {Pomian, Krzysztof},
    title = {El fin del futuro},
    journal = {Vuelta},
    year = 1981,
    language = {espagnol},
    keywords = {art-crh, crh-1981}
    }

@article{Pomian1993-1981,
    author = {Pomian, Krzysztof},
    title = {Framtidens kris},
    journal = {Bonniers Literära Magazin},
    year = 1981,
    language = {allemand},
    keywords = {art-crh, crh-1981}
    }

@article{Pomian1994-1981,
    author = {Pomian, Krzysztof},
    title = {Des accords de Gdansk au Congrès de Solidarité},
    journal = {Faire},
    year = 1981,
    language = {français},
    keywords = {art-crh, crh-1981}
    }

@article{Poublan2000-1981,
    author = {Poublan, Danièle},
    title = {Vivre sur la zone},
    journal = {Gavroche},
    year = 1981,
    language = {français},
    keywords = {art-crh, crh-1981}
    }

@article{Rebaudo2001-1981,
    author = {Rebaudo, Danièle},
    title = {L'utilisation des mentions des parrains et marraines dans la reconstitution des familles},
    journal = {Population},
    year = 1981,
    language = {français},
    keywords = {art-crh, crh-1981}
    }

@article{Rebaudo2002-1981,
    author = {Rebaudo, Danièle},
    title = {Le mouvement saisonnier des mariages et des remariages},
    journal = {Population},
    year = 1981,
    language = {français},
    keywords = {art-crh, crh-1981}
    }

@article{Reberioux2004-1981,
    author = {Reberioux, Madeleine},
    title = {Les socialistes français et le petit commerce au tournant du siècle},
    journal = {Le mouvement social},
    year = 1981,
    language = {français},
    keywords = {art-crh, crh-1981}
    }

@article{Reberioux2005-1981,
    author = {Reberioux, Madeleine},
    title = {Demain: les ouvrières et l'avenir au tournant du siècle},
    journal = {Revue du Nord},
    year = 1981,
    language = {français},
    keywords = {art-crh, crh-1981}
    }

@article{Scherrer2016-1981,
    author = {Scherrer, Jutta},
    title = {Die Revolution ist Geschichte},
    journal = {Die Zeit},
    year = 1981,
    language = {allemand},
    keywords = {art-crh, crh-1981}
    }

@article{Scherrer2017-1981,
    author = {Scherrer, Jutta},
    title = {L'intelligentsia russe: sa quête de la "vérité religieuse du socialisme"},
    journal = {Le temps de la réflexion},
    year = 1981,
    language = {français},
    keywords = {art-crh, crh-1981}
    }

@article{Schmitt2021-1981,
    author = {Schmitt, Jean-Claude},
    title = {Les traditions folkloriques dans la culture médiévale. Quelques réflexions de méthode},
    journal = {Archives de Sciences sociales des religions},
    year = 1981,
    language = {français},
    keywords = {art-crh, crh-1981}
    }

@article{Schnapper2027-1981,
    author = {Schnapper, Dominique},
    title = {Convertis dela première génération},
    journal = {Les nouveaux cahiers},
    year = 1981,
    language = {français},
    keywords = {art-crh, crh-1981}
    }

@article{Tenenti2036-1981,
    author = {Tenenti, Alberto},
    title = {Teoria della sovranità e ragione di stato nella Republique di Jean Bodin},
    journal = {Il pensiero politico},
    year = 1981,
    language = {italien},
    keywords = {art-crh, crh-1981}
    }

@article{Triantafyllidou2039-1981,
    author = {Triantafyllidou-Baladie, Yolande},
    title = {Dominations étrangères et transformations de l'agriculture crétoise entre le 14e et le 19e siècle},
    journal = {The greek review of social research},
    year = 1981,
    language = {français},
    keywords = {art-crh, crh-1981}
    }

@article{Aries2048-1981,
    author = {Aries, Philippe},
    title = {La nostalgie du passé},
    journal = {H.Histoire},
    year = 1981,
    language = {français},
    keywords = {art-crh, crh-1981}
    }

@article{Couturier2056-1981,
    author = {Couturier, Marcel},
    title = {Information e storia: riflessioni e prospettive},
    journal = {Intersezioni. Rivista di storia delle idee},
    year = 1981,
    language = {italien},
    keywords = {art-crh, crh-1981}
    }

@book{Dupaquier1842-1981,
    author = {Dupaquier, Jacques and J.N.Biraben},
    title = {Les berceaux vides de Marianne. L'avenir de la population française},
    publisher = {Seuil},
    series = {},
    location = {Paris},
    year = 1981,
    pagetotal = {176},
    language = {français},
    keywords = {book-crh, crh-1981}
    }

@book{Ferro1858-1981,
    author = {Ferro, Marc},
    title = {Comment on raconte l'histoire aux enfants à travers le monde entier},
    publisher = {Payot},
    series = {},
    location = {Paris},
    year = 1981,
    pagetotal = {330},
    language = {français},
    keywords = {book-crh, crh-1981}
    }

@book{Guillou1890-1981,
    author = {Guillou, André and Marsani and F.Burgarella},
    title = {L'impero bizantino, l'Islamo e l'impero ottomano},
    publisher = {},
    series = {},
    location = {},
    year = 1981,
    pagetotal = {480},
    language = {italien},
    keywords = {book-crh, crh-1981}
    }

@book{Guillou1892-1981,
    author = {Guillou, André and Beck and Belting and Mavromatis and Pertusi and Sevcenko and Svoronos},
    title = {La civilta bizantina dal XII al XV secolo},
    publisher = {},
    series = {},
    location = {Rome},
    year = 1981,
    pagetotal = {},
    language = {italien},
    keywords = {book-crh, crh-1981}
    }

@book{Jeannin1903-1981,
    author = {Jeannin, Pierre and R.Boyer and M.Gravier},
    title = {Baltique et Mer du Nord. L'héritage culturel de l'Europe du Nord},
    publisher = {Arts et métiers},
    series = {},
    location = {Paris},
    year = 1981,
    pagetotal = {},
    language = {français},
    keywords = {book-crh, crh-1981}
    }

@book{Julia1915-1981,
    author = {Julia, Dominique},
    title = {Les trois couleurs du tableau noir. La Révolution},
    publisher = {Belin},
    series = {},
    location = {Paris},
    year = 1981,
    pagetotal = {394},
    language = {français},
    keywords = {book-crh, crh-1981}
    }

@book{LeGoff1933-1981,
    author = {Le Goff, Jacques},
    title = {La naissance du purgatoire},
    publisher = {Gallimard},
    series = {},
    location = {Paris},
    year = 1981,
    pagetotal = {},
    language = {français},
    keywords = {book-crh, crh-1981}
    }

@book{Parent1961-1981,
    author = {Parent-Lardeur, Françoise},
    title = {Lire au temps de Balzac},
    publisher = {EHESS},
    series = {},
    location = {Paris},
    year = 1981,
    pagetotal = {222},
    language = {français},
    keywords = {book-crh, crh-1981}
    }

@book{Reberioux2011-1981,
    author = {Reberioux, Madeleine},
    title = {les ouvriers du livre et leur fédération},
    publisher = {Temps actuels},
    series = {},
    location = {Paris},
    year = 1981,
    pagetotal = {},
    language = {français},
    keywords = {book-crh, crh-1981}
    }

@book{Schnapper2025-1981,
    author = {Schnapper, Dominique},
    title = {L'épreuve du chômage},
    publisher = {Gallimard},
    series = {},
    location = {Paris},
    year = 1981,
    pagetotal = {222},
    language = {français},
    keywords = {book-crh, crh-1981}
    }

@book{Braemer5639-1981,
    author = {Braemer, Franck},
    title = {L'architecture domestique de l'âge de Fer au Levant},
    publisher = {ADPF},
    series = {},
    location = {Paris},
    year = 1981,
    pagetotal = {},
    language = {français},
    keywords = {book-crh, crh-1981}
    }

@inproceedings{Burguiere710-1981,
    author = {Burguiere, André},
    editor = {J.Le Goff and J.C.Schmitt},
    title = {Pratique du charivari et répression religieuse dans la France d'ancien régime},
    booktitle = {Le charivari},
    publisher = {Mouton/EHESS},
    location = {Paris/La Haye},
    year = 1981,
    pagetotal = {19},
    language = {français},
    keywords = {inproceedings-crh, crh-1981}
    }

@inproceedings{Antoniadis1760-1981,
    author = {Antoniadis-Bibicou, Hélène},
    editor = {},
    title = {Mouvement de la population et villages désertés en Grèce},
    booktitle = {Actes du XVe congrès international d'études byzantines, Athènes septembre 1976},
    publisher = {},
    location = {Athènes},
    year = 1981,
    pagetotal = {9},
    language = {français},
    keywords = {inproceedings-crh, crh-1981}
    }

@inproceedings{Antoniadis1761-1981,
    author = {Antoniadis-Bibicou, Hélène},
    editor = {},
    title = {Problèmes de méthode de la recherche historique sur la guerre de l'indépendance hellénique},
    booktitle = {Actes du colloque sur la guerre de l'Indépendance hellénique, Athènes 1981},
    publisher = {},
    location = {Athènes},
    year = 1981,
    pagetotal = {16},
    language = {grec},
    keywords = {inproceedings-crh, crh-1981}
    }

@inproceedings{Goy1877-1981,
    author = {Goy, Joseph},
    editor = {},
    title = {Permanences et changements: les Baronnies pyrénéennes aux 17e et 18e siècles},
    booktitle = {Actes du colloque franco-irlandais d'histoire rurale comparée, Dublin 1977},
    publisher = {},
    location = {Paris},
    year = 1981,
    pagetotal = {},
    language = {français},
    keywords = {inproceedings-crh, crh-1981}
    }

@inproceedings{Guillou1896-1981,
    author = {Guillou, André},
    editor = {},
    title = {Régionalisme et administration dans l'empire byzantin du 6e au 8e siècle},
    booktitle = {Actes du colloque de Strasbourg},
    publisher = {},
    location = {},
    year = 1981,
    pagetotal = {13},
    language = {français},
    keywords = {inproceedings-crh, crh-1981}
    }

@inproceedings{LeGoff1943-1981,
    author = {Le Goff, Jacques},
    editor = {},
    title = {Le vocabulaire des exempla d'après l'Alphabetum Narrationum, début 14e siècle},
    booktitle = {Colloque du CNRS? La lexicographie du latin médiéval et ses rapports avec les recherches actuelles sur la civilisation du Moyen âge},
    publisher = {CNRS},
    location = {Paris},
    year = 1981,
    pagetotal = {},
    language = {français},
    keywords = {inproceedings-crh, crh-1981}
    }

@inproceedings{Lemay1944-1981,
    author = {Lemay, Edna},
    editor = {},
    title = {Les modèles anglais et américain à l'Assemblée constituante},
    booktitle = {Transactions of the Vith International Congress on the Enlightenment},
    publisher = {Voltaire foundation},
    location = {Londres},
    year = 1981,
    pagetotal = {13},
    language = {français},
    keywords = {inproceedings-crh, crh-1981}
    }

@inproceedings{Piponnier1981-1981,
    author = {Piponnier, Françoise},
    editor = {},
    title = {Le costume dans les inventaires mobiliers},
    booktitle = {Actes des journées de rencontre des 2-3 mars 1979},
    publisher = {Musée de l'homme},
    location = {Paris},
    year = 1981,
    pagetotal = {},
    language = {français},
    keywords = {inproceedings-crh, crh-1981}
    }

@inproceedings{Triantafyllidou2040-1981,
    author = {Triantafyllidou-Baladie, Yolande},
    editor = {},
    title = {Les conditions du commerce en Crète pendant les premières décennies de la domination ottomande},
    booktitle = {Actes du IVe congrès international des études crétoises},
    publisher = {},
    location = {Athènes},
    year = 1981,
    pagetotal = {8},
    language = {français},
    keywords = {inproceedings-crh, crh-1981}
    }

@inproceedings{Klapisch2412-1981,
    author = {Klapisch-Zuber, Christiane},
    editor = {J.Le Goff and J.C.Schmitt},
    title = {La mattinata italienne du moyen âge},
    booktitle = {Colloque Le charivari, Paris 1977},
    publisher = {EHESS},
    location = {Paris},
    year = 1981,
    pagetotal = {15},
    language = {français},
    keywords = {inproceedings-crh, crh-1981}
    }

@inproceedings{Grinberg4876-1981,
    author = {Grinberg, Martine},
    editor = {J.Le Goff and J.C.Schmitt},
    title = {Charivaris au Moyen âge et à la Renaissance. Condamnation des remariages ou rites d'inversion du temps?},
    booktitle = {Le charivari},
    publisher = {Mouton-EHESS},
    location = {La-Haye-Paris},
    year = 1981,
    pagetotal = {},
    language = {français},
    keywords = {inproceedings-crh, crh-1981}
    }

@inreference{LeGoff1942-1981,
    author = {Le Goff, Jacques},
    editor = {},
    title = {Storia},
    booktitle = {Enciclopedia Einaudi},
    publisher = {Einaudi},
    series = {},
    location = {Turin},
    year = 1981,
    pagetotal = {},
    language = {italien},
    keywords = {dict-crh, crh-1981}
    }

@inreference{Pesez1974-1981,
    author = {Pesez, Jean-Marie},
    editor = {},
    title = {Villaggio},
    booktitle = {Enciclopedia Einaudi},
    publisher = {Einaudi},
    series = {},
    location = {Turin},
    year = 1981,
    pagetotal = {18},
    language = {italien},
    keywords = {dict-crh, crh-1981}
    }

@inreference{Pomian1995-1981,
    author = {Pomian, Krzysztof},
    editor = {},
    title = {Stuttura},
    booktitle = {Enciclopedia Einaudi},
    publisher = {Einaudi},
    series = {},
    location = {Turin},
    year = 1981,
    pagetotal = {42},
    language = {italien},
    keywords = {dict-crh, crh-1981}
    }

@inreference{Pomian1996-1981,
    author = {Pomian, Krzysztof},
    editor = {},
    title = {Tempo/temporalita},
    booktitle = {Enciclopedia Einaudi},
    publisher = {Einaudi},
    series = {},
    location = {Turin},
    year = 1981,
    pagetotal = {78},
    language = {italien},
    keywords = {dict-crh, crh-1981}
    }

@proceedings{Dupaquier1846-1981,
    editor = {Dupaquier, Jacques},
    editortype = {dir.},
    title = {Marriage et remariage dans les populations du passé},
    booktitle = {Marriage et remariage dans les populations du passé},
    publisher = {Academic press},
    location = {Londres-New York},
    year = 1981,
    pagetotal = {},
    language = {français},
    keywords = {proceedings-crh, crh-1981}
    }

@proceedings{Goy1880-1981,
    editor = {Goy, Joseph and N.Bulst and J.Hoock},
    editortype = {dir.},
    title = {Familie Zwischen Tradition und Moderne, Studien zue Geschichte der Familie in Deutschland und Frankreich vom 16 bis zum 19 Jahrhundert},
    booktitle = {Familie Zwischen Tradition und Moderne, Studien zue Geschichte der Familie in Deutschland und Frankreich vom 16 bis zum 19 Jahrhundert},
    publisher = {},
    location = {Göttingen},
    year = 1981,
    pagetotal = {328},
    language = {allemand},
    keywords = {proceedings-crh, crh-1981}
    }

@proceedings{Goy1882-1981,
    editor = {Goy, Joseph and J.P.Wallot},
    editortype = {dir.},
    title = {Société rurale dans la France de l'Ouest et u Québec (17e-20e siècles)},
    booktitle = {Société rurale dans la France de l'Ouest et u Québec (17e-20e siècles)},
    publisher = {},
    location = {Montréal},
    year = 1981,
    pagetotal = {254},
    language = {français},
    keywords = {proceedings-crh, crh-1981}
    }

@proceedings{Goy1883-1981,
    editor = {Goy, Joseph and I.Chiva},
    editortype = {dir.},
    title = {Les Baronnies des Pyrénées},
    booktitle = {Les Baronnies des Pyrénées},
    publisher = {EHESS},
    location = {Paris},
    year = 1981,
    pagetotal = {220},
    language = {français},
    keywords = {proceedings-crh, crh-1981}
    }

@proceedings{Reberioux2009-1981,
    editor = {Reberioux, Madeleine},
    editortype = {dir.},
    title = {Jaurès et la classe ouvrière},
    booktitle = {Jaurès et la classe ouvrière},
    publisher = {ée.ouvrières},
    location = {Paris},
    year = 1981,
    pagetotal = {},
    language = {français},
    keywords = {proceedings-crh, crh-1981}
    }

@proceedings{Schmitt2020-1981,
    editor = {Schmitt, Jean-Claude and J.Le Goff},
    editortype = {dir.},
    title = {Le charivari},
    booktitle = {Le charivari},
    publisher = {EHESS-Mouton},
    location = {Paris-La Haye},
    year = 1981,
    pagetotal = {445},
    language = {français},
    keywords = {proceedings-crh, crh-1981}
    }

@collection{Chapelot1802-1981,
    author = {Chapelot, Odette},
    editor = {},
    title = {Les fabriques ducales de carreaux médiévaux en Bourgogne},
    booktitle = {Catalogue de l'exposition Carreaux de pavage dans la Bourgogne médiévale},
    publisher = {Edition du musée Rolin},
    location = {Autun},
    year = 1981,
    pagetotal = {7},
    language = {français},
    keywords = {expo-crh, crh-1981}
    }

@incollection{Tenenti645-1981,
    author = {Tenenti, Alberto},
    editor = {?},
    title = {Venezia e il mondo},
    booktitle = {Giornione e l'Umanesimo veneziano},
    publisher = {},
    location = {Florence},
    year = 1981,
    pagetotal = {36},
    language = {italien},
    keywords = {collectif-crh, crh-1981}
    }

@incollection{Valensi651-1981,
    author = {Valensi, Lucette},
    editor = {A.L.Udovitch},
    title = {Tunisia in the 18th and 19th century. A socio-economic model},
    booktitle = {The Islamic Middle East: studies in social and economic history (700-1900)},
    publisher = {},
    location = {Princeton},
    year = 1981,
    pagetotal = {},
    language = {anglais},
    keywords = {collectif-crh, crh-1981}
    }

@incollection{Aries652-1981,
    author = {Aries, Philippe},
    editor = {G.Mialaret and J.Vial},
    title = {L'éducation familiale},
    booktitle = {Histoire mondiale de l'éducation},
    publisher = {PUF},
    location = {Paris},
    year = 1981,
    pagetotal = {13},
    language = {français},
    keywords = {collectif-crh, crh-1981}
    }

@incollection{Schmitt673-1981,
    author = {Schmitt, Jean-Claude},
    editor = {?},
    title = {Où en est l'enquête "Ordres mendiants et urbanisation dans la France médiévale?},
    booktitle = {Stellung und Wirksamkeit der Bettelorden in der städtischen gesellschaft},
    publisher = {},
    location = {Berlin},
    year = 1981,
    pagetotal = {6},
    language = {français},
    keywords = {collectif-crh, crh-1981}
    }

@incollection{Schmitt674-1981,
    author = {Schmitt, Jean-Claude},
    editor = {?},
    title = {Du bon usage du Credo},
    booktitle = {Faire croire. Modalités de la diffusion et de la réception des messages religieux au 12e au 15e siècle},
    publisher = {Ecole française},
    location = {Rome},
    year = 1981,
    pagetotal = {15},
    language = {français},
    keywords = {collectif-crh, crh-1981}
    }

@incollection{Schmitt675-1981,
    author = {Schmitt, Jean-Claude},
    editor = {?},
    title = {Gestus-Gesticulatio. Contribution à l'étude du vocabulaire latin médiéval des gestes},
    booktitle = {La lexicographie du latin médiéval et ses rapports avec les recherches actuelles sur la civilisation du moyen âge},
    publisher = {},
    location = {Paris},
    year = 1981,
    pagetotal = {14},
    language = {français},
    keywords = {collectif-crh, crh-1981}
    }

@incollection{Schmitt676-1981,
    author = {Schmitt, Jean-Claude},
    editor = {R.Romano},
    title = {Il tempo come parametro e come oggetto della storia},
    booktitle = {Le frontiere del tempo},
    publisher = {Il Saggiatore},
    location = {Milan},
    year = 1981,
    pagetotal = {15},
    language = {italien},
    keywords = {collectif-crh, crh-1981}
    }

@incollection{Couturier703-1981,
    author = {Couturier, Marcel},
    editor = {?},
    title = {Les monuments religieux du canton de Châteaudun},
    booktitle = {Inventaire monumental de la Société archéologique d'Eure-et-Loir},
    publisher = {},
    location = {},
    year = 1981,
    pagetotal = {},
    language = {français},
    keywords = {collectif-crh, crh-1981}
    }

@incollection{Bergeron859-1981,
    author = {Bergeron, Louis},
    editor = {N.Bulst and J.Goy and J.Hoock},
    title = {Familienstruktur und Industrieunternehmen in Frankreich (18 bis 20 Jahrhundert},
    booktitle = {Familie zwischen Tradition und Moderne},
    publisher = {Vandenhoeck-Ruprecht},
    location = {Göttingen},
    year = 1981,
    pagetotal = {14},
    language = {allemand},
    keywords = {collectif-crh, crh-1981}
    }

@incollection{Hemardinquer875-1981,
    author = {Hemardinquer, Jean-Jacques},
    editor = {B.Bongiovanni and G.C.Jocteau and N.Tranfaglia},
    title = {Alimentazione},
    booktitle = {Storia d'Europa, La dimensione continentale (Il mondo contemporaneo, vol.II},
    publisher = {},
    location = {Florence},
    year = 1981,
    pagetotal = {},
    language = {italien},
    keywords = {collectif-crh, crh-1981}
    }

@incollection{Chaussinand1505-1981,
    author = {Chaussinand-Nogaret, Guy},
    editor = {?},
    title = {Väterliche Tyrannei und revolutionäres Verhalten},
    booktitle = {Familie swischen Tradition und Moderne},
    publisher = {},
    location = {Göttingen},
    year = 1981,
    pagetotal = {8},
    language = {allemand},
    keywords = {collectif-crh, crh-1981}
    }

@incollection{Chaussinand1537-1981,
    author = {Chaussinand-Nogaret, Guy},
    editor = {G.Duby},
    title = {La ville jacobine et balzacienne},
    booktitle = {Histoire de la France urbaine},
    publisher = {Seuil},
    location = {Paris},
    year = 1981,
    pagetotal = {84},
    language = {français},
    keywords = {collectif-crh, crh-1981}
    }

@incollection{Bardet1567-1981,
    author = {Bergeron, Louis},
    editor = {?},
    title = {Fécondité des premières mariées et des veuves remariées},
    booktitle = {Marriage and remarriage in the past},
    publisher = {Academy press},
    location = {Londres},
    year = 1981,
    pagetotal = {15},
    language = {français},
    keywords = {collectif-crh, crh-1981}
    }

@incollection{Bardet1568-1981,
    author = {Bardet, Jean-Pierre and J.Dupâquier},
    editor = {?},
    title = {Vierges sages et vierges folles},
    booktitle = {La première fois},
    publisher = {},
    location = {Paris},
    year = 1981,
    pagetotal = {23},
    language = {français},
    keywords = {collectif-crh, crh-1981}
    }

@incollection{Aymard1602-1981,
    author = {Aymard, Maurice},
    editor = {?},
    title = {L'Arsenale e le conoscenze tecnico-marinaresche. Le Arti},
    booktitle = {Storia della cultura Veneta dal primo Quattrocento al Concilio di Trento},
    publisher = {},
    location = {Padoue},
    year = 1981,
    pagetotal = {27},
    language = {italien},
    keywords = {collectif-crh, crh-1981}
    }

@incollection{Chartier1783-1981,
    author = {Chartier, Roger},
    editor = {?},
    title = {La culture en question},
    booktitle = {Les intermédiaires culturels},
    publisher = {université Aix-en-Pr},
    location = {Aix-en-Provence},
    year = 1981,
    pagetotal = {6},
    language = {français},
    keywords = {collectif-crh, crh-1981}
    }

@incollection{Antoniadis1784-1981,
    author = {Antoniadis-Bibicou, Hélène},
    editor = {?},
    title = {Problèmes du féodalisme à Byzance},
    booktitle = {La pensée scientifique},
    publisher = {},
    location = {},
    year = 1981,
    pagetotal = {11},
    language = {grec},
    keywords = {collectif-crh, crh-1981}
    }

@incollection{Chartier1807-1981,
    author = {Chartier, Roger},
    editor = {Gumbrecht and R.Reichardt and T.Schleich},
    title = {Kulturelle Ebenen und Verbreitung des Aufklärung im Frankreich},
    booktitle = {Sozialgeschichte der aufklaärung in Frankreich},
    publisher = {R.Oldenbourg},
    location = {Munich},
    year = 1981,
    pagetotal = {29},
    language = {allemand},
    keywords = {collectif-crh, crh-1981}
    }

@incollection{Chartier1824-1981,
    author = {Chartier, Roger},
    editor = {G.Duby},
    title = {La ville dominante et soumise, 16e-17e siècles},
    booktitle = {Histoire de la France urbaine},
    publisher = {Seuil},
    location = {Paris},
    year = 1981,
    pagetotal = {156},
    language = {français},
    keywords = {collectif-crh, crh-1981}
    }

@incollection{Chartier1855-1981,
    author = {Chartier, Roger},
    editor = {?},
    title = {La circulation de l'écrit dans les villes françaises, 1500-1700},
    booktitle = {Livre et lecture en Espagne et en France sous l'ancien régime},
    publisher = {ADPF},
    location = {Paris},
    year = 1981,
    pagetotal = {7},
    language = {français},
    keywords = {collectif-crh, crh-1981}
    }

@incollection{Guillou1895-1981,
    author = {Guillou, André},
    editor = {},
    title = {La cultura byzantina},
    booktitle = {Historia Univeral},
    publisher = {Salvat},
    location = {Barcelone},
    year = 1981,
    pagetotal = {6},
    language = {espagnol},
    keywords = {collectif-crh, crh-1981}
    }

@incollection{Beutler1930-1981,
    author = {Beutler, Corinne},
    editor = {J.Goy and J.P.Wallot},
    title = {Approvisionnement et commerce des blés à Montréal au tournant du 19e siècle},
    booktitle = {Société rurale dans la France de l'ouest et au Québec (17e-20e siècles)},
    publisher = {EHESS-univ. Montréal},
    location = {Paris-Montréal},
    year = 1981,
    pagetotal = {5},
    language = {français},
    keywords = {collectif-crh, crh-1981}
    }

@incollection{LeGoff2152-1981,
    author = {Le Goff, Jacques},
    editor = {?},
    title = {"Vita" et "pre-exemplum" dans le 2e livre des Dialogues de Grégoire leGrand},
    booktitle = {Etudes augustiniennes},
    publisher = {},
    location = {},
    year = 1981,
    pagetotal = {16},
    language = {français},
    keywords = {collectif-crh, crh-1981}
    }

@incollection{Julia2352-1981,
    author = {Julia, Dominique},
    editor = {H.U.Gumbrecht and R.Reichardt and T.Schleich},
    title = {Staat, Gesellschaft und Reform der Lehrpläne in Frankreich im 18 Jahrhundert},
    booktitle = {Sozialgeschichte der Aufklärung in Frankreich},
    publisher = {Oldenbourg},
    location = {Munich},
    year = 1981,
    pagetotal = {44},
    language = {allemand},
    keywords = {collectif-crh, crh-1981}
    }

@incollection{Julliard2402-1981,
    author = {Julliard, Jacques and R.Trempé},
    editor = {?},
    title = {Jaurès et le syndicalisme révolutionnaire},
    booktitle = {Les Editions ouvrières},
    publisher = {Editions ouvrières},
    location = {Paris},
    year = 1981,
    pagetotal = {23},
    language = {français},
    keywords = {collectif-crh, crh-1981}
    }

@incollection{Klapisch2448-1981,
    author = {Klapisch-Zuber, Christiane},
    editor = {?},
    title = {Mezzadria e insediamenti rurali nella fine del Medio Evo},
    booktitle = {Civiltà ed economia agricola in Toscana nei sec. XIII-XIV. Problemi della vita delle campagne toscane nel tardo Medio Evo},
    publisher = {},
    location = {Pistoria},
    year = 1981,
    pagetotal = {16},
    language = {italien},
    keywords = {collectif-crh, crh-1981}
    }

@incollection{Pomian2554-1981,
    author = {Pomian, Krzysztof},
    editor = {?},
    title = {Il dissenso},
    booktitle = {Dieci anni di storia 1970-1980},
    publisher = {Nuova CEI},
    location = {Milan},
    year = 1981,
    pagetotal = {32},
    language = {italien},
    keywords = {collectif-crh, crh-1981}
    }

@incollection{Pomian2566-1981,
    author = {Pomian, Krzysztof},
    editor = {R.Romano},
    title = {La crisi dell'avenire},
    booktitle = {Le frontiere del tempo},
    publisher = {Il saggiatore},
    location = {Milan},
    year = 1981,
    pagetotal = {18},
    language = {italien},
    keywords = {collectif-crh, crh-1981}
    }

@incollection{Parent2663-1981,
    author = {Parent-Lardeur, Françoise},
    editor = {P.H.Chombart De Lauwe},
    title = {Une institution nouvelle en milieu urbain: les cabinets de lecture à Paris au 19e siècle},
    booktitle = {Transformations sociales et dynamique culturelle},
    publisher = {CNRS},
    location = {Paris},
    year = 1981,
    pagetotal = {8},
    language = {français},
    keywords = {collectif-crh, crh-1981}
    }

@incollection{Peter2789-1981,
    author = {Peter, Jean-Pierre},
    editor = {?},
    title = {Un intermédiaire mal perçu: F.A.Mesmer, médecin trop guérisseur, guérisseur trop médecin},
    booktitle = {Les intermédiaires culturels},
    publisher = {U. Provence-Champion},
    location = {Aix-en-Provence-Paris},
    year = 1981,
    pagetotal = {13},
    language = {français},
    keywords = {collectif-crh, crh-1981}
    }

@incollection{Fridenson2864-1981,
    author = {Fridenson, Patrick},
    editor = {?},
    title = {Die Auswirkungen des sweiten Weltkrieges auf die Französische Arbeiterschaft},
    booktitle = {Zweiter Weltkrieg und sozialer Wandel},
    publisher = {Vandenhoeck und Rupr},
    location = {Göttingen},
    year = 1981,
    pagetotal = {12},
    language = {allemand},
    keywords = {collectif-crh, crh-1981}
    }

@incollection{Fridenson2989-1981,
    author = {Fridenson, Patrick},
    editor = {A.Okochi and K.Shimokawa},
    title = {Comments},
    booktitle = {Development of Mass Marketing},
    publisher = {University Press},
    location = {Tokyo},
    year = 1981,
    pagetotal = {3},
    language = {anglais},
    keywords = {collectif-crh, crh-1981}
    }

@incollection{Fridenson3000-1981,
    author = {Fridenson, Patrick},
    editor = {J.H.Pirenne},
    title = {L'Etat et le financement de l'industrie automobile française},
    booktitle = {Le rôle des capitaux publics dans le financement de l'industrie en Europe occidentale aux 19e et 20e siècles},
    publisher = {Bruylant},
    location = {Bruxelles},
    year = 1981,
    pagetotal = {2},
    language = {français},
    keywords = {collectif-crh, crh-1981}
    }

@incollection{Fridenson3012-1981,
    author = {Fridenson, Patrick},
    editor = {R.Samuel},
    title = {The class struggle at Renault},
    booktitle = {People's history and socialist theory},
    publisher = {Routledge and Kegan},
    location = {Londres},
    year = 1981,
    pagetotal = {3},
    language = {anglais},
    keywords = {collectif-crh, crh-1981}
    }

@incollection{Froeschle3070-1981,
    author = {Froeschle-Chopard, Marie-Hélène},
    editor = {Serre},
    title = {Les pénitents de Provence orientale au 18e siècle},
    booktitle = {Pénitents des Alpes maritimes},
    publisher = {},
    location = {Nice},
    year = 1981,
    pagetotal = {},
    language = {français},
    keywords = {collectif-crh, crh-1981}
    }

@incollection{Fridenson3156-1981,
    author = {Fridenson, Patrick},
    editor = {A.Okochi and K.Shimokawa},
    title = {French automobile marketing, 1890-1979},
    booktitle = {Development of Mass Marketing},
    publisher = {University Press},
    location = {Tokyo},
    year = 1981,
    pagetotal = {28},
    language = {anglais},
    keywords = {collectif-crh, crh-1981}
    }

@incollection{Dupaquier3397-1981,
    author = {Dupaquier, Jacques},
    editor = {?},
    title = {Rivoluzione francese e rivoluzione demografica},
    booktitle = {La società francese dall'ancien régime alla Rivoluzione},
    publisher = {Il Mulino},
    location = {Rome},
    year = 1981,
    pagetotal = {},
    language = {italien},
    keywords = {collectif-crh, crh-1981}
    }

@incollection{Dupaquier3418-1981,
    author = {Dupaquier, Jacques},
    editor = {J.Dupâquier},
    title = {Quelques réflexions sur la mesure de la nuptialité dans les monographies paroissiales},
    booktitle = {Mariage et remariage dans les populations du passé},
    publisher = {Academic press},
    location = {Londres-New York},
    year = 1981,
    pagetotal = {23},
    language = {français},
    keywords = {collectif-crh, crh-1981}
    }

@incollection{Dupaquier3419-1981,
    author = {Dupaquier, Jacques and J.P.Bardet},
    editor = {?},
    title = {Le 18e siècle. Vierges sages ou vierges folles, nos ancêtres étaient-elles vertueuses},
    booktitle = {La première fois},
    publisher = {Ramsay},
    location = {Paris},
    year = 1981,
    pagetotal = {23},
    language = {français},
    keywords = {collectif-crh, crh-1981}
    }

@incollection{Guillou3465-1981,
    author = {Guillou, André},
    editor = {?},
    title = {La cultura nell'Italia byzantina dal VI all'XI secolo},
    booktitle = {La cultura in Italia fra tardo antico ed alto medioevo},
    publisher = {CNR},
    location = {Rome},
    year = 1981,
    pagetotal = {12},
    language = {italien},
    keywords = {collectif-crh, crh-1981}
    }

@incollection{Hemardinquer3542-1981,
    author = {Hemardinquer, Jean-Jacques},
    editor = {B.Bongiovanni and G.C.Jocteau and N.Tranfaglia},
    title = {Alimentazione},
    booktitle = {La dimensione continentale (Il mondo contemporaneo, vol.2},
    publisher = {},
    location = {Florence},
    year = 1981,
    pagetotal = {14},
    language = {italien},
    keywords = {collectif-crh, crh-1981}
    }

@incollection{Jeannin3937-1981,
    author = {Jeannin, Pierre},
    editor = {K.Borchardt and E.Schremmer and W.Zorn},
    title = {Vorindustrielle Weltwirtschaft und Unters chiede in der wirtschaftlichen Entwicklung einzelner Regionen},
    booktitle = {Forschungen zur sozialund wirschaftsgeschichte},
    publisher = {},
    location = {Stuttgart-New York},
    year = 1981,
    pagetotal = {14},
    language = {allemand},
    keywords = {collectif-crh, crh-1981}
    }

@incollection{Guillou4743-1981,
    author = {Guillou, André},
    editor = {?},
    title = {La Cappadocia: elementi specifici e caratteri generici di un'area omogenea},
    booktitle = {Le aree omogenee della civiltà rupestre nell'ambito dell'Impero bizantino},
    publisher = {},
    location = {Galatina},
    year = 1981,
    pagetotal = {5},
    language = {italien},
    keywords = {collectif-crh, crh-1981}
    }

@incollection{Goy4754-1981,
    author = {Goy, Joseph},
    editor = {J.Goy and J.P.Wallot},
    title = {Normes et pratiques successorales dans la France paysanne des 18e et 19e siècles. Propositions pour une enquête},
    booktitle = {Société rurale dans le France de l'ouest et au Québec (17e-20e siècles)},
    publisher = {EHESS-Univ. Montréal},
    location = {Paris-Montréal},
    year = 1981,
    pagetotal = {},
    language = {français},
    keywords = {collectif-crh, crh-1981}
    }

@incollection{Goy4877-1981,
    author = {Goy, Joseph},
    editor = {N.Bulst and J.Goy and J.Hoock},
    title = {Stratégies matrimoniales et transmission du patrimoine face à la législation révolutionnaire et au Code civil dans la société paysanne méridionale (1789-1804)},
    booktitle = {Familie zwischen Tradition und Moderne},
    publisher = {},
    location = {Göttingen},
    year = 1981,
    pagetotal = {},
    language = {français},
    keywords = {collectif-crh, crh-1981}
    }

@article{Klapisch1932-1981,
    author = {Klapisch-Zuber, Christiane},
    title = {présentation},
    journal = {Le médiéviste et l'ordinateur},
    year = 1981,
    language = {français},
    keywords = {intro-journal-crh, crh-1981}
    }

@incollection{Chartier1810-1981,
    author = {Chartier, Roger},
    editor = {},
    title = {préface},
    booktitle = {Les possédés de Morzine},
    publisher = {PUL},
    location = {Lyon},
    year = 1981,
    pagetotal = {6},
    language = {français},
    keywords = {preface-book-crh, crh-1981}
    }

@incollection{Ferro1859-1981,
    author = {Ferro, Marc},
    editor = {},
    title = {préface},
    booktitle = {Jean Renoir, l'Insurgé},
    publisher = {Sycomore},
    location = {Paris},
    year = 1981,
    pagetotal = {},
    language = {français},
    keywords = {preface-book-crh, crh-1981}
    }

@book{Furet1870-1981,
    author = {Furet, François},
    title = {La démocratie en Amérique},
    publisher = {Garnier-Flammarion},
    series = {},
    location = {Paris},
    year = 1981,
    pagetotal = {},
    language = {français},
    % addendum = {préface: Le système conceptuel d'Alexis de Tocqueville},
    keywords = {edition-txt-crh, crh-1981}
    }

@book{Tenenti2035-1981,
    author = {Tenenti, Alberto},
    title = {La dinamica del capitalismo},
    publisher = {},
    series = {},
    location = {Bologne},
    year = 1981,
    pagetotal = {14},
    language = {italien},
    % addendum = {introduction},
    keywords = {edition-txt-crh, crh-1981}
    }

@book{Furet1871-1981,
    author = {Furet, François},
    editor = {},
    title = {Interpreting the French Revolution},
    publisher = {University Press},
    series = {},
    location = {Cambridge},
    year = 1981,
    pagetotal = {},
    language = {anglais},
    addendum = {réédition},
    keywords = {reedition-crh, crh-1981}
    }

@book{Julliard1924-1981,
    author = {Julliard, Jacques},
    editor = {},
    title = {La Quatrième République},
    publisher = {Calmann-Lévy},
    series = {poche},
    location = {Paris},
    year = 1981,
    pagetotal = {352},
    language = {français},
    addendum = {réédition},
    keywords = {reedition-crh, crh-1981}
    }

@book{Bardet1771-1981,
    author = {Bardet, Jean-Pierre and M.Hainsworth},
    editor = {},
    title = {Logiciel Casoar},
    publisher = {},
    series = {},
    location = {},
    year = 1981,
    pagetotal = {180},
    language = {français},
    keywords = {outil-recherche-crh, crh-1981}
    }

@book{Braemer1796-1981,
    author = {Braemer, Franck},
    editor = {},
    title = {Les fouilles, techniques de terrain. Dossier pédagogique audiovisuel (diapositives)},
    publisher = {SERMAP-HATIER},
    series = {},
    location = {Paris},
    year = 1981,
    pagetotal = {12},
    language = {français},
    keywords = {outil-recherche-crh, crh-1981}
    }

@book{LeMee1948-1981,
    author = {Le Mee, René},
    editor = {},
    title = {bibliographie},
    publisher = {Lecerf},
    series = {},
    location = {Rouen},
    year = 1981,
    pagetotal = {},
    language = {français},
    keywords = {outil-recherche-crh, crh-1981}
    }

@thesis{Triantafyllidou2060-1981,
    author = {Triantafyllidou-Baladie, Yolande},
    title = {Le commerce de la Crète, de la conquête ottomane à la fin du 18e siècle (1669-1795)},
    institution = {Université Paris7},
    location = {Paris},
    year = 1981,
    pagetotal = {},
    language = {français},
    keywords = {theses-crh, crh-1981}
    }

