@article{LeGoff282-1983,
    author = {Le Goff, Jacques},
    title = {Pourquoi au XXe siècle, ne construisons-nous plus de cathédrales ?},
    journal = {Le temps stratégique},
    year = 1983,
    language = {français},
    keywords = {art-crh, crh-1983}
    }

@article{Klapisch301-1983,
    author = {Klapisch-Zuber, Christiane},
    title = {Parents de sang, parents de lait. La mise en nourrice à Florence (1300-1530)},
    journal = {Annales de démographie historique},
    year = 1983,
    language = {français},
    keywords = {art-crh, crh-1983}
    }

@article{Alexandre2069-1983,
    author = {Alexandre-Bidon, Danièle and M. Closson},
    title = {L'archéo-iconographie : pour une approche différente des miniatures médiévales},
    journal = {Gazette du Livre Médiéval},
    year = 1983,
    language = {français},
    keywords = {art-crh, crh-1983}
    }

@article{Arbellot2084-1983,
    author = {Arbellot, Guy},
    title = {Les routes de Champagne au milieu du XIIIe siècle},
    journal = {Revue historique ardennaise},
    year = 1983,
    language = {français},
    keywords = {art-crh, crh-1983}
    }

@article{Aymard2089-1983,
    author = {Aymard, Maurice},
    title = {Autoconsommation et marchés : Chayanov, Labrousse ou Le Roy Ladurie},
    journal = {Annales E.S.C.},
    year = 1983,
    language = {français},
    keywords = {art-crh, crh-1983}
    }

@article{Aymard2092-1983,
    author = {Aymard, Maurice},
    title = {La Storia d'Italia dix ans après},
    journal = {Revue Européenne des Sciences Sociales},
    year = 1983,
    language = {français},
    keywords = {art-crh, crh-1983}
    }

@article{Bonnain2125-1983,
    author = {Bonnain, Rolande},
    title = {Trousseaux et contrats de mariage},
    journal = {Lavedan et Pays Toy},
    year = 1983,
    language = {français},
    keywords = {art-crh, crh-1983}
    }

@article{Braunstein2139-1983,
    author = {Braunstein, Philippe},
    title = {L'innovation dans les mines et la métallurgie à la fin du Moyen Age},
    journal = {Bulletin de l'Association française des Historiens Economistes},
    year = 1983,
    language = {français},
    keywords = {art-crh, crh-1983}
    }

@article{Braunstein2140-1983,
    author = {Braunstein, Philippe},
    title = {Innovations in Mining and Metal Production in Europe in the Late Middle Ages},
    journal = {The Journal of European Economic History},
    year = 1983,
    language = {anglais},
    keywords = {art-crh, crh-1983}
    }

@article{Braunstein2141-1983,
    author = {Braunstein, Philippe},
    title = {Le titre et le sujet : la Tempête de Giorgone},
    journal = {Annales E.S.C.},
    year = 1983,
    language = {français},
    keywords = {art-crh, crh-1983}
    }

@article{Braunstein2142-1983,
    author = {Braunstein, Philippe and Ch. Klapisch},
    title = {Florence et Venise : les rituels de la ville à l'époque de la Renaissance},
    journal = {Annales E.S.C.},
    year = 1983,
    language = {français},
    keywords = {art-crh, crh-1983}
    }

@article{Burguiere2153-1983,
    author = {Burguiere, André},
    title = {La notion de mentalités chez Bloch et Fèbvre : deux conceptions, deux filiations},
    journal = {Revue de Synthèse},
    year = 1983,
    language = {français},
    keywords = {art-crh, crh-1983}
    }

@article{Chartier2172-1983,
    author = {Chartier, Roger},
    title = {Histoire intellectuelle et histoire des mentalités. Trajectoires et questions},
    journal = {Revue de Synthèse},
    year = 1983,
    language = {français},
    keywords = {art-crh, crh-1983}
    }

@article{Courbin2197-1983,
    author = {Courbin, Paul},
    title = {Bassit, campagnes 1980-1982},
    journal = {Syria},
    year = 1983,
    language = {français},
    keywords = {art-crh, crh-1983}
    }

@article{Courbin2199-1983,
    author = {Courbin, Paul and J.Llérès},
    title = {Classement informatisé des skyphoi protocorinthiens},
    journal = {Bulletin de la Correspondance Hellénique},
    year = 1983,
    language = {français},
    keywords = {art-crh, crh-1983}
    }

@article{Daumard2203-1983,
    author = {Daumard, Adeline},
    title = {Le rang et l'argent dans la société française au XIXe siècle},
    journal = {Romantisme},
    year = 1983,
    language = {français},
    keywords = {art-crh, crh-1983}
    }

@article{Desaive2216-1983,
    author = {Desaive, Jean-Paul},
    title = {Une contribution irlandaise à l'histoire comparée},
    journal = {Etudes rurales},
    year = 1983,
    language = {français},
    keywords = {art-crh, crh-1983}
    }

@article{Dupaquier2233-1983,
    author = {Dupaquier, Jacques},
    title = {Quand nos ancètres payaient la taille},
    journal = {Gé-Magazine},
    year = 1983,
    language = {français},
    keywords = {art-crh, crh-1983}
    }

@article{Dupaquier2235-1983,
    author = {Dupaquier, Jacques},
    title = {Le choix du prénom autrefois},
    journal = {Gé-Magazine},
    year = 1983,
    language = {français},
    keywords = {art-crh, crh-1983}
    }

@article{Fauve2258-1983,
    author = {Fauve-Chamoux, Antoinette},
    title = {La femme devant l'allaitement},
    journal = {Annales de Démographie Historique},
    year = 1983,
    language = {français},
    keywords = {art-crh, crh-1983}
    }

@article{Ferro2269-1983,
    author = {Ferro, Marc},
    title = {Fait divers, fait d'histoire},
    journal = {Annales E.S.C.},
    year = 1983,
    language = {français},
    keywords = {art-crh, crh-1983}
    }

@article{Ferro2270-1983,
    author = {Ferro, Marc},
    title = {Film as an agent, product and source of History},
    journal = {Journal of Contemporary History},
    year = 1983,
    language = {anglais},
    keywords = {art-crh, crh-1983}
    }

@article{Flandrin2279-1983,
    author = {Flandrin, Jean-Louis},
    title = {La diversité des goûts et des pratiques alimentaires en Europe du XVIe au XVIIIe siècles},
    journal = {Revue d'Histoire Moderne et Contemporaine},
    year = 1983,
    language = {français},
    keywords = {art-crh, crh-1983}
    }

@article{Flandrin2280-1983,
    author = {Flandrin, Jean-Louis},
    title = {Le Goût et la nécessité : sur l'usage des graisses dans les cuisines d'Europe occidentale, XIVe-XVIIIe siècles},
    journal = {Annales E.S.C.},
    year = 1983,
    language = {français},
    keywords = {art-crh, crh-1983}
    }

@article{Flandrin2284-1983,
    author = {Flandrin, Jean-Louis},
    title = {Brouets, potages et bouillons},
    journal = {Médiévales},
    year = 1983,
    language = {français},
    keywords = {art-crh, crh-1983}
    }

@article{Froeschle2286-1983,
    author = {Froeschle-Chopard, Marie-Hélène},
    title = {L'espace et le sacré au XVIIe siècle. Géographie des cultes d'après la carte de Cassini},
    journal = {Annales de Bretagne et des Pays de l'Ouest},
    year = 1983,
    language = {français},
    keywords = {art-crh, crh-1983}
    }

@article{Froeschle2287-1983,
    author = {Froeschle-Chopard, Marie-Hélène},
    title = {L'évolution des pénitents en Provence orientale, XVIIIe-XXe siècles},
    journal = {Revue d'Histoire Moderne et Contemporaine},
    year = 1983,
    language = {français},
    keywords = {art-crh, crh-1983}
    }

@article{Froeschle2288-1983,
    author = {Froeschle-Chopard, Marie-Hélène},
    title = {Etude des confréries. Problèmes et Méthode},
    journal = {Provence Historique : Pénitents et Confréries du Sud-Est},
    year = 1983,
    language = {français},
    keywords = {art-crh, crh-1983}
    }

@article{Fridenson2294-1983,
    author = {Fridenson, Patrick},
    title = {Les cadres dans l'automobile},
    journal = {Bulletin d'histoire du syndicalisme cadre},
    year = 1983,
    language = {français},
    keywords = {art-crh, crh-1983}
    }

@article{Furet2305-1983,
    author = {Furet, François},
    title = {La Révolution française et l'imaginaire politique français},
    journal = {Le Débat},
    year = 1983,
    language = {français},
    keywords = {art-crh, crh-1983}
    }

@article{Goubert2312-1983,
    author = {Goubert, Jean-Pierre},
    title = {La production du 'champ sanitaire' : une lecture d'historien},
    journal = {Sciences Sociales et Santé},
    year = 1983,
    language = {français},
    keywords = {art-crh, crh-1983}
    }

@article{Goubert2317-1983,
    author = {Goubert, Jean-Pierre},
    title = {Ordre et désordre : l'origine aquatique de la fièvre typhoïde},
    journal = {Asclepio},
    year = 1983,
    language = {français},
    keywords = {art-crh, crh-1983}
    }

@article{Grinberg2330-1983,
    author = {Grinberg, Martine and S. Kinser},
    title = {Les combats de Carnaval et de Carême. Trajets d'une métaphore},
    journal = {Annales E.S.C.},
    year = 1983,
    language = {français},
    keywords = {art-crh, crh-1983}
    }

@article{Gruzinski2332-1983,
    author = {Gruzinski, Serge and S. Alberro},
    title = {Le Mexique prehispanique et colonial : un bilan provisoire},
    journal = {Annales E.S.C.},
    year = 1983,
    language = {français},
    keywords = {art-crh, crh-1983}
    }

@article{Guery2335-1983,
    author = {Guery, Alain},
    title = {Du don à l'impôt},
    journal = {Bulletin du Mauss},
    year = 1983,
    language = {français},
    keywords = {art-crh, crh-1983}
    }

@article{Guery2336-1983,
    author = {Guery, Alain},
    title = {Echanges et marchés d'Ancien Régime},
    journal = {Carnets des Ateliers de Recherche},
    year = 1983,
    language = {français},
    keywords = {art-crh, crh-1983}
    }

@article{Guery2339-1983,
    author = {Guery, Alain},
    title = {L'Histoire en question},
    journal = {Nouvelle Revue pédagogique},
    year = 1983,
    language = {français},
    keywords = {art-crh, crh-1983}
    }

@article{Guillou2344-1983,
    author = {Guillou, André},
    title = {Le monde carcéral en Italie du sud et en Sicile au VIe-VIIe siècles},
    journal = {Jahrbuch der österreichischen Byzantinistik},
    year = 1983,
    language = {français},
    keywords = {art-crh, crh-1983}
    }

@article{Hocquet2364-1983,
    author = {Hocquet, Jean-Claude},
    title = {Das Salz und die Gewinne aus der Handelsschiffahrt im Mittelmeer im Spätmittelalter},
    journal = {Scripta mercaturae. Zeitschrift für Wirtschaft- und Sozialgeschichte},
    year = 1983,
    language = {allemand},
    keywords = {art-crh, crh-1983}
    }

@article{Hocquet2365-1983,
    author = {Hocquet, Jean-Claude},
    title = {Une activité millénaire dans la vallée de la Saale : la fabrication du sel hier et aujourd'hui},
    journal = {Connaissance de la R.D.A.},
    year = 1983,
    language = {français},
    keywords = {art-crh, crh-1983}
    }

@article{Jorland2378-1983,
    author = {Jorland, Gérard},
    title = {Remarques sur la question de l'ontologie},
    journal = {Le Temps de la réflexion},
    year = 1983,
    language = {français},
    keywords = {art-crh, crh-1983}
    }

@article{Jouhaud2380-1983,
    author = {Jouhaud, Christian},
    title = {Ecriture et action au XVIIe siècle : sur un corpus de mazarinades},
    journal = {Annales E.S.C.},
    year = 1983,
    language = {français},
    keywords = {art-crh, crh-1983}
    }

@article{Julia2388-1983,
    author = {Julia, Dominique and D. McKee},
    title = {Les confrères de Jean Meslier. Culture et spiritualité du clergé champenois au XVIIe siècle},
    journal = {Revue d'Histoire de l'Eglise de France},
    year = 1983,
    language = {français},
    keywords = {art-crh, crh-1983}
    }

@article{Julia2389-1983,
    author = {Julia, Dominique},
    title = {Une réforme impossible. Le changement des cursus dans la France du XVIIIe siècle},
    journal = {Actes de la recherche en sciences sociales},
    year = 1983,
    language = {français},
    keywords = {art-crh, crh-1983}
    }

@article{Julliard2398-1983,
    author = {Julliard, Jacques},
    title = {L'esprit des Sixties},
    journal = {l'Histoire},
    year = 1983,
    language = {français},
    keywords = {art-crh, crh-1983}
    }

@article{Klapisch2406-1983,
    author = {Klapisch-Zuber, Christiane},
    title = {La mère cruelle. Maternité, veuvage et dot dans la Florence des XIVe-XVe siècles},
    journal = {Annales E.S.C.},
    year = 1983,
    language = {français},
    keywords = {art-crh, crh-1983}
    }

@article{Klapisch2407-1983,
    author = {Klapisch-Zuber, Christiane and Ph. Braunstein},
    title = {Florence et Venise : Les rituels de la ville à l'époque de la Renaissance},
    journal = {Annales E.S.C.},
    year = 1983,
    language = {français},
    keywords = {art-crh, crh-1983}
    }

@article{LeGoff2430-1983,
    author = {Le Goff, Jacques},
    title = {Two retrospective surveys marking our hundredht issue II. Later History},
    journal = {Past and Present},
    year = 1983,
    language = {anglais},
    keywords = {art-crh, crh-1983}
    }

@article{LeGoff2431-1983,
    author = {Le Goff, Jacques},
    title = {Pour un long Moyen Age},
    journal = {Europe},
    year = 1983,
    language = {français},
    keywords = {art-crh, crh-1983}
    }

@article{LeGoff2435-1983,
    author = {Le Goff, Jacques},
    title = {Histoire des sciences et Histoire des Mentalités},
    journal = {Revue de Synthèse},
    year = 1983,
    language = {français},
    keywords = {art-crh, crh-1983}
    }

@article{Lemay2453-1983,
    author = {Lemay, Edna},
    title = {Une minorité au sein d'une minorité : un banquier et quelques négociants à l'Assemblée Constituante},
    journal = {Studies on Voltaire},
    year = 1983,
    language = {français},
    keywords = {art-crh, crh-1983}
    }

@article{Nahoum2477-1983,
    author = {Nahoum-Grappe, Véronique},
    title = {Beauté et pouvoir, une réflexion sur la pathologie de certains comportements sociaux},
    journal = {Pénélope},
    year = 1983,
    language = {français},
    keywords = {art-crh, crh-1983}
    }

@article{Ozouf2485-1983,
    author = {Ozouf, Mona},
    title = {Peut-on commémorer la Révolution française ?},
    journal = {Le Débat},
    year = 1983,
    language = {français},
    keywords = {art-crh, crh-1983}
    }

@article{Parent2494-1983,
    author = {Parent-Lardeur, Françoise},
    title = {Lectures populaires ? Lectures bourgeoises ?},
    journal = {Bulletin des Bibliothèques de France},
    year = 1983,
    language = {français},
    keywords = {art-crh, crh-1983}
    }

@article{Perrot2504-1983,
    author = {Perrot, Jean-Claude},
    title = {Premiers aspects de l'équilibre dans la pensée économique française},
    journal = {Annales E.S.C.},
    year = 1983,
    language = {français},
    keywords = {art-crh, crh-1983}
    }

@article{Perrot2505-1983,
    author = {Perrot, Jean-Claude},
    title = {Le despotisme de la raison dans les utopies économiques de Goyon de la Plombanie},
    journal = {Bulletin de l'Institut d'Histoire économique et sociale},
    year = 1983,
    language = {français},
    keywords = {art-crh, crh-1983}
    }

@article{Perrot2506-1983,
    author = {Perrot, Jean-Claude},
    title = {Histoire économique et démographie historique},
    journal = {Bulletin de la Société de Démographie historique},
    year = 1983,
    language = {français},
    keywords = {art-crh, crh-1983}
    }

@article{Piponnier2519-1983,
    author = {Piponnier, Françoise},
    title = {Essertines-en-Chatelneuf/Loire. Village déserté de la fin du Moyen Age},
    journal = {Les dossiers Histoire et Archéologie},
    year = 1983,
    language = {français},
    keywords = {art-crh, crh-1983}
    }

@article{PoloDeBeaulieu2525-1983,
    author = {Polo De Beaulieu-De Mercoyrol, Marie-Anne},
    title = {Une utilisation de l'ordinateur en histoire médiévale : le traitement de texte},
    journal = {Médiévales},
    year = 1983,
    language = {français},
    keywords = {art-crh, crh-1983}
    }

@article{Pomian2536-1983,
    author = {Pomian, Krzysztof},
    title = {Le passé : de la foi à la connaissance},
    journal = {Le Débat},
    year = 1983,
    language = {français},
    keywords = {art-crh, crh-1983}
    }

@article{Pomian2537-1983,
    author = {Pomian, Krzysztof},
    title = {De l'animal comme être philosophique},
    journal = {Le Débat},
    year = 1983,
    language = {français},
    keywords = {art-crh, crh-1983}
    }

@article{Pomian2538-1983,
    author = {Pomian, Krzysztof},
    title = {Romano et l'Encyclopédie},
    journal = {Cahiers Villefredo Pareto. Revue européenne des sciences sociales},
    year = 1983,
    language = {français},
    keywords = {art-crh, crh-1983}
    }

@article{Pomian2539-1983,
    author = {Pomian, Krzysztof},
    title = {Introduzione a una storia filosofica del tempo},
    journal = {Bolletino del Centro Internazionale A. Beltrame di storia dello spazio e del tempo},
    year = 1983,
    language = {italien},
    keywords = {art-crh, crh-1983}
    }

@article{Pomian2540-1983,
    author = {Pomian, Krzysztof},
    title = {Solidarnosc : syndicat et identité nationale},
    journal = {Intervention},
    year = 1983,
    language = {français},
    keywords = {art-crh, crh-1983}
    }

@article{Pomian2542-1983,
    author = {Pomian, Krzysztof},
    title = {La crisi del futuro},
    journal = {Illustrazione italiana},
    year = 1983,
    language = {italien},
    keywords = {art-crh, crh-1983}
    }

@article{Pomian2543-1983,
    author = {Pomian, Krzysztof},
    title = {Kryzys przyszlosci},
    journal = {Puls},
    year = 1983,
    language = {polonais},
    keywords = {art-crh, crh-1983}
    }

@article{Revel2600-1983,
    author = {Revel, Jacques},
    title = {Malattia e malessere sociale},
    journal = {Prometeo},
    year = 1983,
    language = {italien},
    keywords = {art-crh, crh-1983}
    }

@article{Revel2601-1983,
    author = {Revel, Jacques},
    title = {Dans le jardin de la nature},
    journal = {Le Débat},
    year = 1983,
    language = {français},
    keywords = {art-crh, crh-1983}
    }

@article{Scherrer2613-1983,
    author = {Scherrer, Jutta},
    title = {Un opposant soviétique contre le socialisme de classe en URSS : Alexandre Zimine},
    journal = {Intervention},
    year = 1983,
    language = {français},
    keywords = {art-crh, crh-1983}
    }

@article{Scherrer2614-1983,
    author = {Scherrer, Jutta},
    title = {Emigranten und andere Vagabonden},
    journal = {Die Zeit},
    year = 1983,
    language = {allemand},
    keywords = {art-crh, crh-1983}
    }

@article{Schmitt2625-1983,
    author = {Schmitt, Jean-Claude},
    title = {Karol Modzelewski, l'historien, le citoyen},
    journal = {Intervention},
    year = 1983,
    language = {français},
    keywords = {art-crh, crh-1983}
    }

@article{Schmitt2633-1983,
    author = {Schmitt, Jean-Claude},
    title = {Ordre et désordres},
    journal = {Médiévales},
    year = 1983,
    language = {français},
    keywords = {art-crh, crh-1983}
    }

@article{Schnapper2647-1983,
    author = {Schnapper, Dominique},
    title = {Une mémoire de l'enracinement : les juifs français avant 1940},
    journal = {Revue des Sciences Sociales},
    year = 1983,
    language = {français},
    keywords = {art-crh, crh-1983}
    }

@article{Schnapper2648-1983,
    author = {Schnapper, Dominique},
    title = {Introduction au judaïsme américain},
    journal = {Yod},
    year = 1983,
    language = {français},
    keywords = {art-crh, crh-1983}
    }

@article{Schnapper2649-1983,
    author = {Schnapper, Dominique},
    title = {Les jeunes générations juives dans la société française},
    journal = {Etudes},
    year = 1983,
    language = {français},
    keywords = {art-crh, crh-1983}
    }

@article{Schnapper2651-1983,
    author = {Schnapper, Dominique},
    title = {Questions impertinentes aux historiens oraux},
    journal = {Commentaire},
    year = 1983,
    language = {français},
    keywords = {art-crh, crh-1983}
    }

@article{Schnapper2652-1983,
    author = {Schnapper, Dominique and S. Strudel},
    title = {Le 'vote juif' en France},
    journal = {Revue Française de Science politique},
    year = 1983,
    language = {français},
    keywords = {art-crh, crh-1983}
    }

@article{Sigaut2660-1983,
    author = {Sigaut, François},
    title = {Un tableau des produits animaux...},
    journal = {Nouvelles de l'Archéologie},
    year = 1983,
    language = {français},
    keywords = {art-crh, crh-1983}
    }

@article{Sinarellis2668-1983,
    author = {Sinarellis, Maroula},
    title = {Les chemins de fer grecs (1882-1910)},
    journal = {Revue d'Etudes Historiques HISTORICA},
    year = 1983,
    language = {français},
    keywords = {art-crh, crh-1983}
    }

@article{Valensi2681-1983,
    author = {Valensi, Lucette},
    title = {Le fait divers, témoin des tensions sociales. Djerba, 1892},
    journal = {Annales E.S.C.},
    year = 1983,
    language = {français},
    keywords = {art-crh, crh-1983}
    }

@article{Wachtel2698-1983,
    author = {Wachtel, Nathan and E. Tandeter},
    title = {Conjonctures inverses. Le mouvement des prix à Potosi pendant le XVIIIe siècle},
    journal = {Annales E.S.C.},
    year = 1983,
    language = {français},
    keywords = {art-crh, crh-1983}
    }

@book{Bardet2095-1983,
    author = {Bardet, Jean-Pierre},
    title = {Rouen aux XVIIe et XVIIIe siècles},
    publisher = {S.E.D.E.S.},
    series = {},
    location = {Paris},
    year = 1983,
    pagetotal = {},
    language = {français},
    keywords = {book-crh, crh-1983}
    }

@book{Descimon2222-1983,
    author = {Descimon, Robert},
    title = {Qui étaient les Seize ? Mythes et réalités de la Ligue parisienne, 1585-1594},
    publisher = {Klincksiek},
    series = {},
    location = {Paris et Ile-de-France},
    year = 1983,
    pagetotal = {},
    language = {français},
    keywords = {book-crh, crh-1983}
    }

@book{Dupaquier2232-1983,
    author = {Dupaquier, Jacques and A. Fauve-Chamoux et and E. Grebenik},
    title = {Malthus, Past and Present},
    publisher = {Academic Press},
    series = {},
    location = {Londres/New York},
    year = 1983,
    pagetotal = {},
    language = {anglais},
    keywords = {book-crh, crh-1983}
    }

@book{Flandrin2274-1983,
    author = {Flandrin, Jean-Louis},
    title = {Il sesso e l'Occidente},
    publisher = {Mondadori},
    series = {},
    location = {Milan},
    year = 1983,
    pagetotal = {},
    language = {italien},
    keywords = {book-crh, crh-1983}
    }

@book{Flandrin2275-1983,
    author = {Flandrin, Jean-Louis},
    title = {Un temps pour embrasser. Aux origines de la morale sexuelle occidentale},
    publisher = {Seuil},
    series = {},
    location = {Paris},
    year = 1983,
    pagetotal = {},
    language = {français},
    keywords = {book-crh, crh-1983}
    }

@book{Guery2337-1983,
    author = {Guery, Alain and M. DESTRUEL},
    title = {La vie en France de 1800 à nos jours},
    publisher = {Nathan},
    series = {},
    location = {Paris},
    year = 1983,
    pagetotal = {},
    language = {français},
    keywords = {book-crh, crh-1983}
    }

@book{Guillou2348-1983,
    author = {Guillou, André and F. Burgarella and V. von Falkenhausen and U. Rizzitano and V. Fiorani Piacentini and S. Traniontana},
    title = {Il Mezzogiorno dai Bizantini a Federico II (Storia d'Italia 3},
    publisher = {},
    series = {},
    location = {Turin},
    year = 1983,
    pagetotal = {},
    language = {italien},
    keywords = {book-crh, crh-1983}
    }

@book{Klapisch2408-1983,
    author = {Klapisch-Zuber, Christiane},
    title = {Una carta del popolamento toscano negli anni 1427-30},
    publisher = {Franco Angeli},
    series = {},
    location = {Milan},
    year = 1983,
    pagetotal = {},
    language = {italien},
    keywords = {book-crh, crh-1983}
    }

@book{Mane2466-1983,
    author = {Mane, Perrine},
    title = {Calendriers et techniques agricoles (France-Italie, XIIe-XIIIe siècles},
    publisher = {Ed. Le Sycomore},
    series = {},
    location = {Paris},
    year = 1983,
    pagetotal = {},
    language = {français},
    keywords = {book-crh, crh-1983}
    }

@book{Pomian2545-1983,
    author = {Pomian, Krzysztof},
    title = {Polonia : sfida all impossibile ? Dalla rivolta di Poznan a Solidarnosc},
    publisher = {Marsilio},
    series = {},
    location = {Venise},
    year = 1983,
    pagetotal = {},
    language = {italien},
    keywords = {book-crh, crh-1983}
    }

@book{Revel2602-1983,
    author = {Revel, Jacques and A.Prost},
    title = {Les lycéens et leurs études. Rapport du Groupe de travail national sur les seconds cycles},
    publisher = {publications du Ministère de l'Education Nationale},
    series = {},
    location = {Paris},
    year = 1983,
    pagetotal = {},
    language = {français},
    keywords = {book-crh, crh-1983}
    }

@book{Schmitt2627-1983,
    author = {Schmitt, Jean-Claude},
    title = {Les saints et les stars. Le texte hagiographique dans la culture populaire},
    publisher = {Beauchesne},
    series = {},
    location = {Paris},
    year = 1983,
    pagetotal = {},
    language = {français},
    keywords = {book-crh, crh-1983}
    }

@book{Schmitt2628-1983,
    author = {Schmitt, Jean-Claude},
    title = {The holy greyhound. Guinefort, healer of children since the thirteenth century},
    publisher = {Cambridge Univ. Press},
    series = {},
    location = {Cambridge},
    year = 1983,
    pagetotal = {},
    language = {anglais},
    keywords = {book-crh, crh-1983}
    }

@book{Tenenti2671-1983,
    author = {Tenenti, Alberto},
    title = {La vie et la mort à travers l'art du XVe siècle},
    publisher = {S. Fleury},
    series = {},
    location = {Paris},
    year = 1983,
    pagetotal = {},
    language = {français},
    keywords = {book-crh, crh-1983}
    }

@book{Tenenti2672-1983,
    author = {Tenenti, Alberto},
    title = {Sens de la mort et amour de la vie. Renaissance en Italie et en France},
    publisher = {S. Fleury},
    series = {},
    location = {Paris},
    year = 1983,
    pagetotal = {},
    language = {français},
    keywords = {book-crh, crh-1983}
    }

@inproceedings{Julia238-1983,
    author = {Julia, Dominique},
    editor = {},
    title = {L'expansion de la Congrégation de la Mission de la mort de Vincent de Paul à la Révolution française},
    booktitle = {Vincent de Paul, Actes du colloque international d'Etudes Vincentiennes, Paris, 25-26 septembre 1981},
    publisher = {Edizioni Vincenziane},
    location = {Rome},
    year = 1983,
    pagetotal = {58},
    language = {français},
    keywords = {inproceedings-crh, crh-1983}
    }

@inproceedings{Hocquet288-1983,
    author = {Hocquet, Jean-Claude},
    editor = {},
    title = {Conditionnement et transport du sel en Europe (XIIIe-XIXe siècles)},
    booktitle = {Techniques d'extraction et de production du sel des briquetages préhistoriques à l'époque actuelle, Colloque international de Marsal},
    publisher = {},
    location = {},
    year = 1983,
    pagetotal = {},
    language = {français},
    keywords = {inproceedings-crh, crh-1983}
    }

@inproceedings{Vincent315-1983,
    author = {Vincent, Bernard},
    editor = {},
    title = {Que aspecto fisico tenian los Moriscos ?},
    booktitle = {Actas de los II Coloquios de Historia de Andalucia},
    publisher = {},
    location = {Cordoue},
    year = 1983,
    pagetotal = {6},
    language = {espagnol},
    keywords = {inproceedings-crh, crh-1983}
    }

@inproceedings{Hocquet366-1983,
    author = {Hocquet, Jean-Claude},
    editor = {},
    title = {Il sale, postà e strumento della dominazione veneziana nella Romagna alla fine del Quattrocento},
    booktitle = {Ravenna in età veneziana, Colloque international de Ravenne},
    publisher = {},
    location = {},
    year = 1983,
    pagetotal = {},
    language = {italien},
    keywords = {inproceedings-crh, crh-1983}
    }

@inproceedings{Pomian392-1983,
    author = {Pomian, Krzysztof},
    editor = {},
    title = {Historien, traditionen och det civila samhället},
    booktitle = {Actes du Colloque Polens frihet - och var, Stockholm, 1983},
    publisher = {},
    location = {},
    year = 1983,
    pagetotal = {10},
    language = {suédois},
    keywords = {inproceedings-crh, crh-1983}
    }

@inproceedings{Lepetit512-1983,
    author = {Lepetit, Bernard},
    editor = {G. Livet and B. Vogler},
    title = {Pouvoir municipal et urbanisme, 1650-1750. Sources et problématique},
    booktitle = {Pouvoir, ville et société en Europe, 1650-1750, Actes du colloque international du CNRS},
    publisher = {},
    location = {Paris},
    year = 1983,
    pagetotal = {15},
    language = {français},
    keywords = {inproceedings-crh, crh-1983}
    }

@inproceedings{Berlioz564-1983,
    author = {Berlioz, Jacques},
    editor = {},
    title = {La mémoire du prédicateur. Recherches sur la mémorisation des récits exemplaires (XIIIe-XVe siècles)},
    booktitle = {Actes du XIIIe Congrès des Historiens médiévistes de l'enseignement supérieur public, Aix en Provence, 1982},
    publisher = {},
    location = {Aix-en-Provence},
    year = 1983,
    pagetotal = {27},
    language = {français},
    keywords = {inproceedings-crh, crh-1983}
    }

@inproceedings{Bergeron586-1983,
    author = {Bergeron, Louis},
    editor = {},
    title = {Haute Banque parisienne et spéculation immobilière au XIXe siècle},
    booktitle = {Construire la Ville, XVIII-XIXe siècles, Actes de la table ronde organisée par le Centre Pierre Léon},
    publisher = {Presses universitaires de Lyon},
    location = {Lyon},
    year = 1983,
    pagetotal = {15},
    language = {français},
    keywords = {inproceedings-crh, crh-1983}
    }

@inproceedings{Benoit593-1983,
    author = {Benoit, Serge},
    editor = {P. Benoit and Ph. Braunstein},
    title = {La sidérurgie du Châtillonnais après l'avènement du procédé indirect (c. 1480 - c. 1570) : matériaux et hypothèses},
    booktitle = {Mines, Carrières et Métallurgie dans la France Médiévale, Actes du colloque de Paris, 19-21 juin 1980},
    publisher = {CNRS},
    location = {Paris},
    year = 1983,
    pagetotal = {40},
    language = {français},
    keywords = {inproceedings-crh, crh-1983}
    }

@inproceedings{Braunstein604-1983,
    author = {Braunstein, Philippe and P. Benoit},
    editor = {Ph. Braunstein and P. Benoit},
    title = {Les comptes miniers d'Hurtières en Savoie au XIVe siècle},
    booktitle = {Actes du colloque de juin 1980, Mines, Carrières, Métallurgie dans la France Médiévale},
    publisher = {CNRS},
    location = {Paris},
    year = 1983,
    pagetotal = {},
    language = {français},
    keywords = {inproceedings-crh, crh-1983}
    }

@inproceedings{Braunstein605-1983,
    author = {Braunstein, Philippe and O. Chapelot},
    editor = {Ph. Braunstein and P. Benoit},
    title = {Mines et métallurgie en Bourgogne à la fin du Moyen Age},
    booktitle = {Actes du colloque de juin 1980, Mines, Carrières, Métallurgie dans la France Médiévale},
    publisher = {CNRS},
    location = {Paris},
    year = 1983,
    pagetotal = {},
    language = {français},
    keywords = {inproceedings-crh, crh-1983}
    }

@inproceedings{Chapelot818-1983,
    author = {Chapelot, Odette and Ph. Braunstein},
    editor = {P. Benoit and Ph. Braunstein},
    title = {Mines et métallurgie en Bourgogne à la fin du Moyen Age : première esquisse},
    booktitle = {Mines carrières et métallurgie dans la France médiévale, Actes du colloque de Paris, 1980},
    publisher = {CNRS},
    location = {Paris},
    year = 1983,
    pagetotal = {37},
    language = {français},
    keywords = {inproceedings-crh, crh-1983}
    }

@inproceedings{Daumard2204-1983,
    author = {Daumard, Adeline},
    editor = {.Daumard},
    title = {Oisiveté et loisirs dans les sociétés occidentales au XIXe siècle},
    booktitle = {Colloque pluridisciplinaire, Amiens, 19-20 novembre 1982},
    publisher = {},
    location = {Abbeville},
    year = 1983,
    pagetotal = {},
    language = {français},
    keywords = {inproceedings-crh, crh-1983}
    }

@inproceedings{Lemay2452-1983,
    author = {Lemay, Edna},
    editor = {},
    title = {Physiocratie et renouveau à l'Assemblée constituante},
    booktitle = {Transactions of the Vith International Congress on the Enlightenment},
    publisher = {Voltaire foundation},
    location = {Londres},
    year = 1983,
    pagetotal = {},
    language = {français},
    keywords = {inproceedings-crh, crh-1983}
    }

@inproceedings{Pomian2544-1983,
    author = {Pomian, Krzysztof},
    editor = {G. Arnaldi},
    title = {Per la libertà della Polonia.},
    booktitle = {Actes du Colloque Cultura e politica in Polonia prima e dopo il colpo di stato},
    publisher = {},
    location = {Rome},
    year = 1983,
    pagetotal = {19},
    language = {italien},
    keywords = {inproceedings-crh, crh-1983}
    }

@inproceedings{Courbin2938-1983,
    author = {Courbin, Paul},
    editor = {},
    title = {L'architecture archaïque naxienne à Délos : ses apports à l'architecture classique},
    booktitle = {Actes du XIIe Congrès International Classique},
    publisher = {},
    location = {},
    year = 1983,
    pagetotal = {7},
    language = {français},
    keywords = {inproceedings-crh, crh-1983}
    }

@inreference{Klapisch2405-1983,
    author = {Klapisch-Zuber, Christiane},
    editor = {},
    title = {Carrara. Marmorbrüche},
    booktitle = {Lexicon des Mittelalters},
    publisher = {},
    series = {},
    location = {Munich},
    year = 1983,
    pagetotal = {},
    language = {allemand},
    keywords = {dict-crh, crh-1983}
    }

@proceedings{Bardet2096-1983,
    editor = {Bardet, Jean-Pierre},
    editortype = {dir.},
    title = {Informatique et Sciences Humaines},
    booktitle = {Informatique et Sciences Humaines},
    publisher = {},
    location = {},
    year = 1983,
    pagetotal = {},
    language = {français},
    keywords = {proceedings-crh, crh-1983}
    }

@proceedings{Braunstein2143-1983,
    editor = {Braunstein, Philippe and P. BENOIT},
    editortype = {dir.},
    title = {Mines, Carrières, Métallurgie dans la France Médiévale},
    booktitle = {Mines, Carrières, Métallurgie dans la France Médiévale},
    publisher = {CNRS},
    location = {Paris},
    year = 1983,
    pagetotal = {},
    language = {français},
    keywords = {proceedings-crh, crh-1983}
    }

@proceedings{Fauve2259-1983,
    editor = {Fauve-Chamoux, Antoinette and J. DUPAQUIER},
    editortype = {dir.},
    title = {Malthus Past and Present},
    booktitle = {Malthus Past and Present},
    publisher = {Academic Press},
    location = {London/New-York},
    year = 1983,
    pagetotal = {},
    language = {anglais},
    keywords = {proceedings-crh, crh-1983}
    }

@proceedings{Schmitt2631-1983,
    editor = {Schmitt, Jean-Claude},
    editortype = {dir.},
    title = {Gestures, History and Anthropology},
    booktitle = {Gestures, History and Anthropology},
    publisher = {},
    location = {},
    year = 1983,
    pagetotal = {},
    language = {anglais},
    keywords = {proceedings-crh, crh-1983}
    }

@collection{LeGoff2432-1983,
    author = {Le Goff, Jacques},
    editor = {},
    title = {Deux au-delà : Paradis et Enfer},
    booktitle = {Disegno del Mondo. Catalogue de l'exposition Art et science},
    publisher = {},
    location = {Turin},
    year = 1983,
    pagetotal = {},
    language = {français},
    keywords = {expo-crh, crh-1983}
    }

@incollection{Piponnier418-1983,
    author = {Piponnier, Françoise},
    editor = {},
    title = {Cloth merchants'inventories in Dijon in the fourteenth and fifteenth centuries},
    booktitle = {Cloth and Clothing in Medieval Europe, Essays in Memory of Professor E.M. Carus-Wilson},
    publisher = {},
    location = {Londres},
    year = 1983,
    pagetotal = {18},
    language = {anglais},
    keywords = {melanges-crh, crh-1983}
    }

@incollection{Julliard246-1983,
    author = {Julliard, Jacques},
    editor = {?},
    title = {Clémenceau et les intellectuels},
    booktitle = {Clémenceau et la justice, actes du colloque de 1970},
    publisher = {PUF},
    location = {Paris},
    year = 1983,
    pagetotal = {12},
    language = {français},
    keywords = {collectif-crh, crh-1983}
    }

@incollection{Julliard247-1983,
    author = {Julliard, Jacques},
    editor = {G. Leroy},
    title = {Clémenceau journaliste de 'l'Affaire'},
    booktitle = {Les écrivains et l'affaire Dreyfus},
    publisher = {PUF},
    location = {Paris},
    year = 1983,
    pagetotal = {10},
    language = {français},
    keywords = {collectif-crh, crh-1983}
    }

@incollection{LeGoff283-1983,
    author = {Le Goff, Jacques},
    editor = {?},
    title = {Popoli e paesi nella cultura alto medievale},
    booktitle = {Settimane di Studio del Centro Italiano di Studi sull'alto medioevo},
    publisher = {},
    location = {Spolete},
    year = 1983,
    pagetotal = {36},
    language = {italien},
    keywords = {collectif-crh, crh-1983}
    }

@incollection{Sigaut287-1983,
    author = {Sigaut, François},
    editor = {J. Cartier and A. Thibault},
    title = {Ethnologie et patrimoine industriel : réflexions sur la culture technique},
    booktitle = {Actes du IVe Colloque national sur le Patrimoine Industriel, Beauvais, 6-8 octobre 1982},
    publisher = {Ecomusée du beauvaisis},
    location = {Beauvais},
    year = 1983,
    pagetotal = {4},
    language = {français},
    keywords = {collectif-crh, crh-1983}
    }

@incollection{Klapisch307-1983,
    author = {Klapisch-Zuber, Christiane},
    editor = {?},
    title = {L'invention du passé familial à Florence (XIVe-XVe siècles)},
    booktitle = {Temps, mémoire, tradition au Moyen Age},
    publisher = {},
    location = {Aix-en-Provence},
    year = 1983,
    pagetotal = {22},
    language = {français},
    keywords = {collectif-crh, crh-1983}
    }

@incollection{Vincent313-1983,
    author = {Vincent, Bernard},
    editor = {?},
    title = {Les Morisques et les prénoms, chrétiens},
    booktitle = {Les Morisques et leur temps},
    publisher = {},
    location = {Paris},
    year = 1983,
    pagetotal = {11},
    language = {français},
    keywords = {collectif-crh, crh-1983}
    }

@incollection{Vincent318-1983,
    author = {Vincent, Bernard},
    editor = {A. Bazzana and A. Humbert},
    title = {La photographie aérienne et la longue durée : le cas des Alpujarras},
    booktitle = {Prospections aériennes, les paysages et leur histoire},
    publisher = {},
    location = {Madrid},
    year = 1983,
    pagetotal = {8},
    language = {français},
    keywords = {collectif-crh, crh-1983}
    }

@incollection{Guillou359-1983,
    author = {Guillou, André},
    editor = {?},
    title = {La cilvità bizantina dal XII al XV secolo. Economia e società},
    booktitle = {Centro di studi bizantini},
    publisher = {},
    location = {Bari},
    year = 1983,
    pagetotal = {90},
    language = {italien},
    keywords = {collectif-crh, crh-1983}
    }

@incollection{Grinberg370-1983,
    author = {Grinberg, Martine},
    editor = {?},
    title = {Des géants au carnaval de Metz en 1498 : innovation folklorique et politique urbaine},
    booktitle = {Les géants processionnels en Europe},
    publisher = {},
    location = {},
    year = 1983,
    pagetotal = {8},
    language = {français},
    keywords = {collectif-crh, crh-1983}
    }

@incollection{Guillou379-1983,
    author = {Guillou, André},
    editor = {?},
    title = {Une nouvelle inscription inédite de Trani Italie},
    booktitle = {Okéanos. Essays presented to I. Sevcenko : Harvard Ukrainian Studies},
    publisher = {harvard ukrainian studies},
    location = {},
    year = 1983,
    pagetotal = {6},
    language = {français},
    keywords = {collectif-crh, crh-1983}
    }

@incollection{Pomian391-1983,
    author = {Pomian, Krzysztof},
    editor = {G. Arnaldi and M. Pastore Stocchi},
    title = {Antiquari e collezionisti},
    booktitle = {Storia della cultura veneta},
    publisher = {},
    location = {Vicence},
    year = 1983,
    pagetotal = {55},
    language = {italien},
    keywords = {collectif-crh, crh-1983}
    }

@incollection{Schmitt453-1983,
    author = {Schmitt, Jean-Claude},
    editor = {J.-Cl. Schmitt},
    title = {Between Text and Image, the Prayer Gestures of Saint Dominic},
    booktitle = {Gestures, History and Anthropology},
    publisher = {},
    location = {},
    year = 1983,
    pagetotal = {36},
    language = {anglais},
    keywords = {collectif-crh, crh-1983}
    }

@incollection{Ribaucourt457-1983,
    author = {Ribaucourt, Colette and J. Berlioz},
    editor = {?},
    title = {Images de la confession dans la prédication au début du XIVe siècle. L'exemple de l'Alphabetum Narrationum d'Arnold de Liège},
    booktitle = {Pratiques de la confession. Des Pères du désert à Vatican II, quinze études d'histoire},
    publisher = {},
    location = {Paris},
    year = 1983,
    pagetotal = {21},
    language = {français},
    keywords = {collectif-crh, crh-1983}
    }

@incollection{Reberioux466-1983,
    author = {Reberioux, Madeleine},
    editor = {Ch.-0. Carbonelle and G. Livet},
    title = {Le débat de 1903 : Historiens et Sociologues},
    booktitle = {Au Berceau des Annales},
    publisher = {IEP},
    location = {Toulouse},
    year = 1983,
    pagetotal = {12},
    language = {français},
    keywords = {collectif-crh, crh-1983}
    }

@incollection{Reberioux467-1983,
    author = {Reberioux, Madeleine},
    editor = {Stuart Williams},
    title = {Party Practice and the Jauresian vision : the SFIO, 1905-1914},
    booktitle = {Socialism in France from Jaurès to Mitterand},
    publisher = {Frances Pinter},
    location = {Londres},
    year = 1983,
    pagetotal = {13},
    language = {anglais},
    keywords = {collectif-crh, crh-1983}
    }

@incollection{Reberioux468-1983,
    author = {Reberioux, Madeleine},
    editor = {G. Leroy},
    title = {Classe ouvrière et intellectuels devant l'Affaire : Jaurès},
    booktitle = {Les écrivains et l'affaire Dreyfus},
    publisher = {PUF},
    location = {Paris},
    year = 1983,
    pagetotal = {14},
    language = {français},
    keywords = {collectif-crh, crh-1983}
    }

@incollection{Reberioux469-1983,
    author = {Reberioux, Madeleine},
    editor = {?},
    title = {The Attitudes of French Socialists to Malthus during the Third Republic},
    booktitle = {Malthus, Past and Present},
    publisher = {The academic press},
    location = {Londres},
    year = 1983,
    pagetotal = {12},
    language = {anglais},
    keywords = {collectif-crh, crh-1983}
    }

@incollection{Reberioux470-1983,
    author = {Reberioux, Madeleine},
    editor = {D. Ponnau},
    title = {Travail industriel et culture ouvrière au XIXe et XXe siècles},
    booktitle = {Sciences, Technique et Industrie},
    publisher = {La documentation française},
    location = {Paris},
    year = 1983,
    pagetotal = {11},
    language = {français},
    keywords = {collectif-crh, crh-1983}
    }

@incollection{Lepetit484-1983,
    author = {Lepetit, Bernard},
    editor = {M. Bulst and J. Hoock and F. Irsigler},
    title = {Les formes d'intégration des campagnes à l'économie d'échange dans la France préindustrielle : le semis des foires},
    booktitle = {Bevolkerung, Wirtschaft und Gesellchaft, Stadt-Land Beziehungen in Deutschland und Frankreich, 14 bis 19 Jahrhundert},
    publisher = {},
    location = {Trêves},
    year = 1983,
    pagetotal = {22},
    language = {français},
    keywords = {collectif-crh, crh-1983}
    }

@incollection{Nahoum492-1983,
    author = {Nahoum-Grappe, Véronique},
    editor = {?},
    title = {Histoire du vin : un choix culturel et technique dans la France d'Ancien Régime},
    booktitle = {Imaginaire du vin},
    publisher = {J.Laffitte},
    location = {},
    year = 1983,
    pagetotal = {13},
    language = {français},
    keywords = {collectif-crh, crh-1983}
    }

@incollection{Vincent536-1983,
    author = {Vincent, Bernard},
    editor = {?},
    title = {Un espace d'exclusion : la prison inquisitoriale au XVIe siècle},
    booktitle = {Les problèmes de l'exclusion en Espagne (XVIe-XVIIe siècles)},
    publisher = {},
    location = {Paris},
    year = 1983,
    pagetotal = {10},
    language = {français},
    keywords = {collectif-crh, crh-1983}
    }

@incollection{Bergeron558-1983,
    author = {Bergeron, Louis},
    editor = {Y. Lequin},
    title = {Permanences et renouvellement du patronat},
    booktitle = {l'Histoire des Français, XIXe-XXe siècles},
    publisher = {Armand Colin},
    location = {Paris},
    year = 1983,
    pagetotal = {138},
    language = {français},
    keywords = {collectif-crh, crh-1983}
    }

@incollection{Berlioz566-1983,
    author = {Berlioz, Jacques and C. Ribaucourt},
    editor = {?},
    title = {Images de la confession dans la prédication au début du XVe siècle. L'exemple de l'Alphabetum narrationum d'Arnold de Liège},
    booktitle = {Groupe de la Bussière, Pratiques de la confession. Des Pères du Désert à Vatican II. Quinze études d'histoire},
    publisher = {},
    location = {Paris},
    year = 1983,
    pagetotal = {21},
    language = {français},
    keywords = {collectif-crh, crh-1983}
    }

@incollection{Berlioz576-1983,
    author = {Berlioz, Jacques},
    editor = {E. Pellizer and N. Zorzetti},
    title = {Dramma di famiglia e ideale cavalleresco : La leggenda di Roberto il Diavolo nelle 'Chroniques de Normandie' (XIVe secolo)},
    booktitle = {La Paura dei Padri nella società antica e medievale},
    publisher = {},
    location = {Bari},
    year = 1983,
    pagetotal = {15},
    language = {italien},
    keywords = {collectif-crh, crh-1983}
    }

@incollection{Andreau679-1983,
    author = {Andreau, Jean},
    editor = {M. Cébeillac Gervasoni},
    title = {A propos de la vie financière à Pouzzoles : Cluvius et Vestorius},
    booktitle = {Les "bourgeoisies" municipales italiennes aux Ier et IIe siècles av. J.-C.},
    publisher = {Centre Jean Bérard},
    location = {Naples},
    year = 1983,
    pagetotal = {12},
    language = {français},
    keywords = {collectif-crh, crh-1983}
    }

@incollection{Andreau690-1983,
    author = {Andreau, Jean},
    editor = {C. Lepelley and G. Folliet},
    title = {La lettre 7, document sur les métiers bancaires},
    booktitle = {Les lettres de Saint-Augustin découvertes par Johannes Divjak},
    publisher = {},
    location = {Paris},
    year = 1983,
    pagetotal = {12},
    language = {français},
    keywords = {collectif-crh, crh-1983}
    }

@incollection{Fauve775-1983,
    author = {Fauve-Chamoux, Antoinette},
    editor = {P. Desportes},
    title = {Rémois et rémoises d'ancien régime},
    booktitle = {Histoire de Reims},
    publisher = {Privat},
    location = {Toulouse},
    year = 1983,
    pagetotal = {36},
    language = {français},
    keywords = {collectif-crh, crh-1983}
    }

@incollection{Fauve776-1983,
    author = {Fauve-Chamoux, Antoinette},
    editor = {R. Wall and J. Robin and P. Laslett},
    title = {The importance of women in an urban environnement : the example of the Rheims household at the beginning of the industrial Revolution},
    booktitle = {Family Forms in Historic Europe},
    publisher = {Cambridge University press},
    location = {Cambridge},
    year = 1983,
    pagetotal = {18},
    language = {anglais},
    keywords = {collectif-crh, crh-1983}
    }

@incollection{Flandrin815-1983,
    author = {Flandrin, Maria},
    editor = {?},
    title = {Les doléances et les plaintes des Français au Printemps 1789},
    booktitle = {La France et la Pologne, XVIIIe-XIXe siècles},
    publisher = {},
    location = {Varsovie},
    year = 1983,
    pagetotal = {},
    language = {français},
    keywords = {collectif-crh, crh-1983}
    }

@incollection{Courbin822-1983,
    author = {Courbin, Paul},
    editor = {?},
    title = {Protomonnaies en Grèce},
    booktitle = {Les Structures d'habitat, Circulation et échanges},
    publisher = {},
    location = {Paris},
    year = 1983,
    pagetotal = {},
    language = {français},
    keywords = {collectif-crh, crh-1983}
    }

@incollection{Courbin831-1983,
    author = {Courbin, Paul},
    editor = {R. Hägg},
    title = {Obeloi d'Argolide et d'ailleurs},
    booktitle = {The Greek Renaissance of the 8th Cent. B. C.},
    publisher = {Acta Instituti Atheniensis},
    location = {Athènes},
    year = 1983,
    pagetotal = {8},
    language = {français},
    keywords = {collectif-crh, crh-1983}
    }

@incollection{Flandrin833-1983,
    author = {Flandrin, Jean-Louis},
    editor = {?},
    title = {Histoire de la famille et histoire des mentalités : recherches françaises récentes},
    booktitle = {Communications historiques},
    publisher = {},
    location = {Vancouver},
    year = 1983,
    pagetotal = {},
    language = {français},
    keywords = {collectif-crh, crh-1983}
    }

@incollection{Abraham849-1983,
    author = {Abraham-Thisse, S},
    editor = {A. D'Haenens},
    title = {La Hanse et la France},
    booktitle = {Les hommes du nord},
    publisher = {Albin Michel},
    location = {Paris},
    year = 1983,
    pagetotal = {},
    language = {français},
    keywords = {collectif-crh, crh-1983}
    }

@incollection{Bourdelais2130-1983,
    author = {Bourdelais, Patrice},
    editor = {?},
    title = {L'évolution des relations entre petits enfants et grands-parents : le choix d'une période de référence au passé},
    booktitle = {Mieux vivre pour bien vieillir},
    publisher = {},
    location = {Paris},
    year = 1983,
    pagetotal = {6},
    language = {français},
    keywords = {collectif-crh, crh-1983}
    }

@incollection{Jouhaud2381-1983,
    author = {Jouhaud, Christian},
    editor = {P.-A. Jannini and G. Dotoli and P. Carile},
    title = {Bordeaux, 1652 : L'Ormée construite par l'opinion. Les représentations politiques d'un événement},
    booktitle = {L'informazione in Francia nel seicento},
    publisher = {},
    location = {Bari/Paris},
    year = 1983,
    pagetotal = {},
    language = {français},
    keywords = {collectif-crh, crh-1983}
    }

@incollection{Guillou2345-1983,
    author = {Guillou, André},
    editor = {},
    title = {Introduzione},
    booktitle = {Fiorentino. Scavi},
    publisher = {},
    location = {Bari},
    year = 1983,
    pagetotal = {2},
    language = {italien},
    keywords = {intro-preface-crh, crh-1983}
    }

@incollection{Schmitt2632-1983,
    author = {Schmitt, Jean-Claude},
    editor = {J.-Cl. Schmitt},
    title = {Introduction and General Bibliography},
    booktitle = {Gestures, history and anthropology},
    publisher = {},
    location = {},
    year = 1983,
    pagetotal = {23},
    language = {anglais},
    keywords = {intro-book-crh, crh-1983}
    }

@article{Julliard2397-1983,
    author = {Julliard, Jacques},
    title = {Présentation},
    journal = {Cahiers Georges Sorel},
    year = 1983,
    language = {français},
    keywords = {intro-journal-crh, crh-1983}
    }

@incollection{Guillou2346-1983,
    author = {Guillou, André},
    editor = {},
    title = {préface},
    booktitle = {L'Estetica bizantina},
    publisher = {},
    location = {Bari},
    year = 1983,
    pagetotal = {2},
    language = {italien},
    keywords = {preface-book-crh, crh-1983}
    }

@incollection{Guillou2347-1983,
    author = {Guillou, André},
    editor = {},
    title = {préface},
    booktitle = {The Life of Saint Nicholas in Byzantine Art},
    publisher = {},
    location = {Turin},
    year = 1983,
    pagetotal = {},
    language = {anglais},
    keywords = {preface-book-crh, crh-1983}
    }

@incollection{LeGoff2444-1983,
    author = {Le Goff, Jacques},
    editor = {},
    title = {préface},
    booktitle = {L'homme enceint},
    publisher = {PUF},
    location = {Paris},
    year = 1983,
    pagetotal = {},
    language = {français},
    keywords = {preface-book-crh, crh-1983}
    }

@book{Flandrin2276-1983,
    author = {Flandrin, Jean-Louis and Ph. and M. Hyman},
    title = {Le Cuisinier français},
    publisher = {Montalba},
    series = {},
    location = {Paris},
    year = 1983,
    pagetotal = {},
    language = {français},
    % addendum = {Le Cuisinier français (textes culinaires de la littérature de colportage avec une introduction, glossaire et notes)},
    keywords = {edition-txt-crh, crh-1983}
    }

@book{LeGoff2443-1983,
    author = {Le Goff, Jacques},
    title = {Les rois thaumaturges},
    publisher = {Gallimard},
    series = {},
    location = {Paris},
    year = 1983,
    pagetotal = {},
    language = {français},
    % addendum = {préface à la nouvelle édition},
    keywords = {edition-txt-crh, crh-1983}
    }

@book{Lemay2451-1983,
    author = {Lemay, Edna},
    title = {Moeurs des sauvages américains},
    publisher = {Maspéro},
    series = {La Découverte},
    location = {Paris},
    year = 1983,
    pagetotal = {},
    language = {français},
    % addendum = {Introduction, choix des textes et notes},
    keywords = {edition-txt-crh, crh-1983}
    }

@book{Reberioux2580-1983,
    author = {Reberioux, Madeleine},
    title = {Jean Jaurès, Anthologie},
    publisher = {Calmann-Lévy},
    series = {},
    location = {Paris},
    year = 1983,
    pagetotal = {49},
    language = {français},
    % addendum = {préface},
    keywords = {edition-txt-crh, crh-1983}
    }

@book{Schmitt2626-1983,
    author = {Schmitt, Jean-Claude and D. FABRE},
    title = {Les racines historiques du conte merveilleux},
    publisher = {},
    series = {},
    location = {Paris},
    year = 1983,
    pagetotal = {16},
    language = {français},
    % addendum = {préface à la traduction française},
    keywords = {edition-txt-crh, crh-1983}
    }

@book{Guery2338-1983,
    author = {Guery, Alain},
    editor = {},
    title = {La vie en France de 1800 à nos jours. Fiches pédagogiques},
    publisher = {Nathan},
    series = {},
    location = {Paris},
    year = 1983,
    pagetotal = {},
    language = {français},
    keywords = {outil-recherche-crh, crh-1983}
    }

@book{Julia2390-1983,
    author = {Julia, Dominique and M. Venard},
    editor = {},
    title = {Répertoire des visites pastorales de la France. Première série. Anciens diocèses jusqu'en 1790, t. III, Mâcon, -Riez},
    publisher = {CNRS},
    series = {},
    location = {Paris},
    year = 1983,
    pagetotal = {},
    language = {français},
    keywords = {outil-recherche-crh, crh-1983}
    }

@book{LeMee2455-1983,
    author = {Le Mee, René},
    editor = {},
    title = {Bibliographie Internationale de la Démographie Historique 1983},
    publisher = {Société de Démographie Historique},
    series = {Union internationale pour l'Etude Scientifique de la Population},
    location = {Paris},
    year = 1983,
    pagetotal = {},
    language = {français},
    keywords = {outil-recherche-crh, crh-1983}
    }

@book{LeMee2459-1983,
    author = {Le Mee, René and A. BIDEAU},
    editor = {},
    title = {Annales de Démographie Historique (1964 à 1982). Bulletin D.H. (1970 à 1982). Tables et index},
    publisher = {EHESS},
    series = {},
    location = {Paris},
    year = 1983,
    pagetotal = {},
    language = {français},
    keywords = {outil-recherche-crh, crh-1983}
    }

@misc{Courbin2196-1983,
    author = {Courbin, Paul},
    title = {Le Monument aux Hexagones et le Portique des Naxiens, Exploration Archéologique de Délos XXXII},
    year = 1983,
    language = {français},
    addendum = {compte-rendu},
    keywords = {cr-crh, crh-1983}
    }

