@article{Alexandre2071-1984,
    author = {Alexandre-Bidon, Danièle},
    title = {Femme de papier ou femme 'de lettres' : pour une image de la secrétaire en 1919},
    journal = {Pénélope},
    year = 1984,
    language = {français},
    keywords = {art-crh, crh-1984}
    }

@article{Alexandre2072-1984,
    author = {Alexandre-Bidon, Danièle},
    title = {Les Archéologues de papier : fictions et réalités dans l'histoire en images et la bande dessinée},
    journal = {Bulletin de la Société Artistique, Historique et Archéologique Le Vieux Papier},
    year = 1984,
    language = {français},
    keywords = {art-crh, crh-1984}
    }

@article{Andreau2080-1984,
    author = {Andreau, Jean},
    title = {Histoire des métiers bancaires et évolution économique},
    journal = {Opus},
    year = 1984,
    language = {français},
    keywords = {art-crh, crh-1984}
    }

@article{Bardet2097-1984,
    author = {Bardet, Jean-Pierre},
    title = {Rouen et les funestes secrets},
    journal = {Gé-Magazine},
    year = 1984,
    language = {français},
    keywords = {art-crh, crh-1984}
    }

@article{Bardet2098-1984,
    author = {Bardet, Jean-Pierre},
    title = {Le Havre, ville nouvelle},
    journal = {Etudes Normandes},
    year = 1984,
    language = {français},
    keywords = {art-crh, crh-1984}
    }

@article{Baulant2103-1984,
    author = {Baulant, Micheline},
    title = {Costume populaire et costume bourgeois à Meaux au XVIIIe siècle : nuances ou contrastes},
    journal = {l'Ethnographie},
    year = 1984,
    language = {français},
    keywords = {art-crh, crh-1984}
    }

@article{Benoit2104-1984,
    author = {Benoit, Serge and Philippe Peyre},
    title = {L'apport de la fouille archéologique à la connaissance d'un site industriel : l'exemple des Forges de Buffon (Côte d'Or)},
    journal = {L'Archéologie Industrielle en France},
    year = 1984,
    language = {français},
    keywords = {art-crh, crh-1984}
    }

@article{Beutler2117-1984,
    author = {Beutler, Corinne},
    title = {Moissonneurs européens d'hier ? Moissonneuses indiennes d'aujourd'hui ? Contribution à l'étude de la femme et l'outil},
    journal = {Journal d'Agriculture Traditionnelle et de Botanique Appliquée},
    year = 1984,
    language = {français},
    keywords = {art-crh, crh-1984}
    }

@article{Bonnain2126-1984,
    author = {Bonnain, Rolande},
    title = {Une thérapeutique populaire du zona dans le Sud-Ouest (1850-1984)},
    journal = {Lavedan et Pays Toy},
    year = 1984,
    language = {français},
    keywords = {art-crh, crh-1984}
    }

@article{Bourdelais2132-1984,
    author = {Bourdelais, Patrice},
    title = {French quantative history : problems and promises},
    journal = {Social Science History},
    year = 1984,
    language = {anglais},
    keywords = {art-crh, crh-1984}
    }

@article{Bourdelais2133-1984,
    author = {Bourdelais, Patrice},
    title = {L'émergence d'un nouveau savoir médical sur la vieillesse en France (XIXe-début XXe siècles)},
    journal = {Gérontologie et Société},
    year = 1984,
    language = {français},
    keywords = {art-crh, crh-1984}
    }

@article{Bourdelais2134-1984,
    author = {Bourdelais, Patrice},
    title = {L'industrialisation et ses mobilités, 1836-1936},
    journal = {Annales E.S.C},
    year = 1984,
    language = {français},
    keywords = {art-crh, crh-1984}
    }

@article{Bourdelais2135-1984,
    author = {Bourdelais, Patrice},
    title = {Quelques tendances de l'utilisation de l'informatique en démographie historique},
    journal = {Histoire Moderne et Contemporaine Informatique},
    year = 1984,
    language = {français},
    keywords = {art-crh, crh-1984}
    }

@article{Bourdelais2136-1984,
    author = {Bourdelais, Patrice},
    title = {Une histoire longue et récente},
    journal = {Pénélope},
    year = 1984,
    language = {français},
    keywords = {art-crh, crh-1984}
    }

@article{Braunstein2145-1984,
    author = {Braunstein, Philippe},
    title = {Le Sinaï décoloré : vision, langage et paysage à la fin du Moyen Age},
    journal = {De l'Autre, Cahiers de psychologie de l'art et de la culture},
    year = 1984,
    language = {français},
    keywords = {art-crh, crh-1984}
    }

@article{Chartier2174-1984,
    author = {Chartier, Roger},
    title = {A szellemi élet története vagy szocio-kulturalis történet. A francia iranyzatok},
    journal = {Torténelmi Szemle},
    year = 1984,
    language = {hongrois},
    keywords = {art-crh, crh-1984}
    }

@article{Chase2189-1984,
    author = {Chase, Jane},
    title = {The 1741 conspiracy to burn New York : Black plot or black magic ?},
    journal = {Social Science Information},
    year = 1984,
    language = {anglais},
    keywords = {art-crh, crh-1984}
    }

@article{Courbin2200-1984,
    author = {Courbin, Paul},
    title = {Reconnaissance des formes et informatique : application aux skyphoi protocorinthiens},
    journal = {RA,},
    year = 1984,
    language = {français},
    keywords = {art-crh, crh-1984}
    }

@article{Courbin2201-1984,
    author = {Courbin, Paul},
    title = {Ras al Bassit},
    journal = {Archiv für Orientforschung},
    year = 1984,
    language = {français},
    keywords = {art-crh, crh-1984}
    }

@article{Couturier2202-1984,
    author = {Couturier, Marcel},
    title = {Entre famille et service. La mise aux enchères de personnes},
    journal = {Société Archéologique d'Eure et Loir},
    year = 1984,
    language = {français},
    keywords = {art-crh, crh-1984}
    }

@article{Daumard2205-1984,
    author = {Daumard, Adeline},
    title = {Les généalogies sociales, un des fondements de l'histoire sociale comparative et quantitative},
    journal = {Annales de démographie historique},
    year = 1984,
    language = {français},
    keywords = {art-crh, crh-1984}
    }

@article{Daumard2207-1984,
    author = {Daumard, Adeline},
    title = {Problemi relativi allo studio della boghesia francese nel XIX secolo},
    journal = {Quaderni storici},
    year = 1984,
    language = {italien},
    keywords = {art-crh, crh-1984}
    }

@article{Descimon2224-1984,
    author = {Descimon, Robert and Ch. Jouhaud},
    title = {La Fronde en mouvement : le développement de la crise politique entre 1648 et 1652},
    journal = {XVIIe siècle},
    year = 1984,
    language = {français},
    keywords = {art-crh, crh-1984}
    }

@article{Dupaquier2236-1984,
    author = {Dupaquier, Jacques},
    title = {La contre-offensive de la mortalité dans le dernier quart du XXe siècle},
    journal = {Histoire, Economie et Société},
    year = 1984,
    language = {français},
    keywords = {art-crh, crh-1984}
    }

@article{Dupaquier2238-1984,
    author = {Dupaquier, Jacques},
    title = {Les monographies communales},
    journal = {Gé-Magazine},
    year = 1984,
    language = {français},
    keywords = {art-crh, crh-1984}
    }

@article{Dupaquier2239-1984,
    author = {Dupaquier, Jacques},
    title = {Un village du Vexin à la fin du XVIIe siècle},
    journal = {Mémoires de la Société historique et archéologique de Pontoise, du Val d'Oise et du Vexin},
    year = 1984,
    language = {français},
    keywords = {art-crh, crh-1984}
    }

@article{Dupaquier2242-1984,
    author = {Dupaquier, Jacques},
    title = {William Petty et l'invention de la table de mortalité},
    journal = {Population},
    year = 1984,
    language = {français},
    keywords = {art-crh, crh-1984}
    }

@article{Farge2252-1984,
    author = {Farge, Arlette},
    title = {Travail, autorité, Etat : les formes du travail à Paris au XVIIIe siècle},
    journal = {Les Carnets des Ateliers de La Recherche},
    year = 1984,
    language = {français},
    keywords = {art-crh, crh-1984}
    }

@article{Farge2253-1984,
    author = {Farge, Arlette},
    title = {Travailler à Paris au XVIIIe siècle},
    journal = {Gavroche},
    year = 1984,
    language = {français},
    keywords = {art-crh, crh-1984}
    }

@article{Fauve2262-1984,
    author = {Fauve-Chamoux, Antoinette},
    title = {Les structures familiales au royaume des familles-souches : Esparros},
    journal = {Annales E.S.C.},
    year = 1984,
    language = {français},
    keywords = {art-crh, crh-1984}
    }

@article{Flandrin2278-1984,
    author = {Flandrin, Jean-Louis and M.-C. Phan},
    title = {Les métamorphoses de la beauté féminine},
    journal = {L'Histoire},
    year = 1984,
    language = {français},
    keywords = {art-crh, crh-1984}
    }

@article{Froeschle2289-1984,
    author = {Froeschle-Chopard, Marie-Hélène},
    title = {Pénitents et autres confréries de Provence orientale. Différences de sociabilité},
    journal = {Provence Historique : Pénitents et Confréries du Sud-Est},
    year = 1984,
    language = {français},
    keywords = {art-crh, crh-1984}
    }

@article{Froeschle2290-1984,
    author = {Froeschle-Chopard, Marie-Hélène},
    title = {Coordination du numéro de},
    journal = {Provence Historique : Pénitents et confréries du Sud-Est},
    year = 1984,
    language = {français},
    keywords = {art-crh, crh-1984}
    }

@article{Fridenson2295-1984,
    author = {Fridenson, Patrick},
    title = {L'usine Renault de Flins},
    journal = {Monuments historiques},
    year = 1984,
    language = {français},
    keywords = {art-crh, crh-1984}
    }

@article{Fridenson2296-1984,
    author = {Fridenson, Patrick},
    title = {Les débuts de Renault en Belgique},
    journal = {De Renault Frères à Renault Régie Nationale},
    year = 1984,
    language = {français},
    keywords = {art-crh, crh-1984}
    }

@article{Fridenson2297-1984,
    author = {Fridenson, Patrick},
    title = {Les premiers inventeurs de l'automobile},
    journal = {L'Histoire},
    year = 1984,
    language = {français},
    keywords = {art-crh, crh-1984}
    }

@article{Furet2306-1984,
    author = {Furet, François},
    title = {Le jeune Marx et la Révolution française},
    journal = {Le Débat},
    year = 1984,
    language = {français},
    keywords = {art-crh, crh-1984}
    }

@article{Furet2307-1984,
    author = {Furet, François},
    title = {La naissance d'un nouveau paradigme : l'idée américaine chez Alexis de Tocqueville (1825-1831)},
    journal = {Annales E.S.C.},
    year = 1984,
    language = {français},
    keywords = {art-crh, crh-1984}
    }

@article{Goubert2318-1984,
    author = {Goubert, Jean-Pierre},
    title = {Equipement hydraulique et pratiques sanitaires dans la France du XIXe siècle},
    journal = {Etudes Rurales},
    year = 1984,
    language = {français},
    keywords = {art-crh, crh-1984}
    }

@article{Goubert2319-1984,
    author = {Goubert, Jean-Pierre},
    title = {La France s'équipe, 1850-1900},
    journal = {Les Annales de la Recherche urbaine},
    year = 1984,
    language = {français},
    keywords = {art-crh, crh-1984}
    }

@article{Goubert2321-1984,
    author = {Goubert, Jean-Pierre},
    title = {Malades, mamadies et médecins : étude d'une correspondance bretonne (1783-1830)},
    journal = {Etudes sur l'Hérault},
    year = 1984,
    language = {français},
    keywords = {art-crh, crh-1984}
    }

@article{Guery2342-1984,
    author = {Guery, Alain},
    title = {Le roi dépensier, le don, la contrainte et l'origine du système financier de la monarchie française d'Ancien Régime},
    journal = {Annales E.S.C.},
    year = 1984,
    language = {français},
    keywords = {art-crh, crh-1984}
    }

@article{Guillou2349-1984,
    author = {Guillou, André and J. Durliat},
    title = {Le tarif d'Abidos (vers 492)},
    journal = {Bulletin de Correspondance Hellénique},
    year = 1984,
    language = {français},
    keywords = {art-crh, crh-1984}
    }

@article{Halevi2355-1984,
    author = {Halevi, Ran-Yedid},
    title = {Les représentations de la démocratie maçonnique},
    journal = {Revue d'histoire moderne et contemporaine},
    year = 1984,
    language = {français},
    keywords = {art-crh, crh-1984}
    }

@article{Hemardinquer2362-1984,
    author = {Hemardinquer, Jean-Jacques},
    title = {Une source supplémentaire. La sous-série FIDII des Archives Nationales},
    journal = {Annales Historiques de la Révolution française},
    year = 1984,
    language = {français},
    keywords = {art-crh, crh-1984}
    }

@article{Jorland2379-1984,
    author = {Jorland, Gérard},
    title = {Le problème Adam Smith},
    journal = {Annales E.S.C.},
    year = 1984,
    language = {français},
    keywords = {art-crh, crh-1984}
    }

@article{Jouhaud2382-1984,
    author = {Jouhaud, Christian and R. Descimon},
    title = {La Fronde en mouvement : le développement de la crise politique entre 1648 et 1652},
    journal = {XVIIe siècle},
    year = 1984,
    language = {français},
    keywords = {art-crh, crh-1984}
    }

@article{Julia2392-1984,
    author = {Julia, Dominique},
    title = {Je vous ai confié ce que j'avais de plus cher. Le famiglie degli allievi scrivono alla scuola militare di Tournon},
    journal = {Quaderni storici},
    year = 1984,
    language = {français},
    keywords = {art-crh, crh-1984}
    }

@article{Julliard2399-1984,
    author = {Julliard, Jacques},
    title = {Sur un fascisme imaginaire},
    journal = {Annales E.S.C.},
    year = 1984,
    language = {français},
    keywords = {art-crh, crh-1984}
    }

@article{Klapisch2410-1984,
    author = {Klapisch-Zuber, Christiane},
    title = {L'apprenti en fourberie. Présentation du conte italien 'Les trois jeunes désespérés et les trois fées'},
    journal = {Communications},
    year = 1984,
    language = {français},
    keywords = {art-crh, crh-1984}
    }

@article{Klapisch2414-1984,
    author = {Klapisch-Zuber, Christiane},
    title = {Le chiavi fiorentine di Barbablù. L'apprendimento della lettura a Firenze nel XV secolo},
    journal = {Quaderni storici},
    year = 1984,
    language = {italien},
    keywords = {art-crh, crh-1984}
    }

@article{Klapisch2417-1984,
    author = {Klapisch-Zuber, Christiane},
    title = {Le choix du prénom dans la Florence de la Renaissance},
    journal = {L'uomo},
    year = 1984,
    language = {français},
    keywords = {art-crh, crh-1984}
    }

@article{Klapisch2419-1984,
    author = {Klapisch-Zuber, Christiane},
    title = {Le zane della sposa. La Fiorentina e il suo corredo nel Rinascimento},
    journal = {Memoria. Rivista di storia delle donne},
    year = 1984,
    language = {italien},
    keywords = {art-crh, crh-1984}
    }

@article{LeGoff2436-1984,
    author = {Le Goff, Jacques},
    title = {Le refus du plaisir},
    journal = {L'Histoire},
    year = 1984,
    language = {français},
    keywords = {art-crh, crh-1984}
    }

@article{Lepetit2462-1984,
    author = {Lepetit, Bernard},
    title = {Les villes et les réseaux de transport en France},
    journal = {Histoire Moderne et Contemporaine et Informatique},
    year = 1984,
    language = {français},
    keywords = {art-crh, crh-1984}
    }

@article{Lepetit2464-1984,
    author = {Lepetit, Bernard},
    title = {La Storia urbana in Francia. Scenografia di uno Spazio di ricerca},
    journal = {Societa e Storia},
    year = 1984,
    language = {italien},
    keywords = {art-crh, crh-1984}
    }

@article{Melonio2468-1984,
    author = {Melonio, Françoise},
    title = {Morale de l'histoire et leçon du poème moral},
    journal = {Cahiers de Civilisation médiévale},
    year = 1984,
    language = {français},
    keywords = {art-crh, crh-1984}
    }

@article{Melonio2469-1984,
    author = {Melonio, Françoise},
    title = {La religion selon Tocqueville, ordre moral ou esprit de liberté ?},
    journal = {Etudes},
    year = 1984,
    language = {français},
    keywords = {art-crh, crh-1984}
    }

@article{Melonio2470-1984,
    author = {Melonio, Françoise},
    title = {Tocqueville et la restauration du pouvoir temporel du pape (juin-octobre 1849)},
    journal = {Revue Historique},
    year = 1984,
    language = {français},
    keywords = {art-crh, crh-1984}
    }

@article{Mouradian2471-1984,
    author = {Mouradian, Claire},
    title = {Problèmes linguistiques et culturels en Arménie depuis Staline : résistance nationale ou intégration soviétique},
    journal = {Slovo},
    year = 1984,
    language = {français},
    keywords = {art-crh, crh-1984}
    }

@article{Mouradian2472-1984,
    author = {Mouradian, Claire},
    title = {Les relations soviéto-turques et la question arménienne depuis 1945},
    journal = {Esprit},
    year = 1984,
    language = {français},
    keywords = {art-crh, crh-1984}
    }

@article{Nahoum2478-1984,
    author = {Nahoum-Grappe, Véronique},
    title = {La ligne, un dessein de l'esthétique contemporain},
    journal = {Social Science Information},
    year = 1984,
    language = {français},
    keywords = {art-crh, crh-1984}
    }

@article{Nahoum2479-1984,
    author = {Nahoum-Grappe, Véronique},
    title = {La bella donna},
    journal = {L'illustrazione italiana},
    year = 1984,
    language = {italien},
    keywords = {art-crh, crh-1984}
    }

@article{Ozouf2489-1984,
    author = {Ozouf, Mona},
    title = {War and Terror in the Revolutionary discourse of 1792-1794},
    journal = {Journal of Modern History},
    year = 1984,
    language = {anglais},
    keywords = {art-crh, crh-1984}
    }

@article{Perrot2509-1984,
    author = {Perrot, Jean-Claude},
    title = {Premiers contacts de l'économie politique française au XVIIIe siècle avec les outils mathématiques},
    journal = {Revue Sciences et techniques en perspective},
    year = 1984,
    language = {français},
    keywords = {art-crh, crh-1984}
    }

@article{Pezerat2515-1984,
    author = {Pezerat, Pierrette},
    title = {La place des femmes dans les P.T.T., petites recettes et salle des Dames},
    journal = {Pénélope},
    year = 1984,
    language = {français},
    keywords = {art-crh, crh-1984}
    }

@article{Piponnier2520-1984,
    author = {Piponnier, Françoise and P. Mane and M. Closson},
    title = {Le costume paysan au Moyen Age : sources et méthodes},
    journal = {L'Ethnographie},
    year = 1984,
    language = {français},
    keywords = {art-crh, crh-1984}
    }

@article{Podselver2524-1984,
    author = {Podselver, Laurence},
    title = {Les Falashas},
    journal = {Traces},
    year = 1984,
    language = {français},
    keywords = {art-crh, crh-1984}
    }

@article{PoloDeBeaulieu2526-1984,
    author = {Polo De Beaulieu-De Mercoyrol, Marie-Anne},
    title = {Pour ou contre le précodage des textes ?},
    journal = {Informatique et sciences humaines},
    year = 1984,
    language = {français},
    keywords = {art-crh, crh-1984}
    }

@article{Pomian2546-1984,
    author = {Pomian, Krzysztof},
    title = {L'Europe et ses nations},
    journal = {Intervention},
    year = 1984,
    language = {français},
    keywords = {art-crh, crh-1984}
    }

@article{Pomian2547-1984,
    author = {Pomian, Krzysztof},
    title = {Strati del tempo},
    journal = {Classense},
    year = 1984,
    language = {italien},
    keywords = {art-crh, crh-1984}
    }

@article{Pomian2548-1984,
    author = {Pomian, Krzysztof},
    title = {La philosophie de Witkiewicz},
    journal = {Critique},
    year = 1984,
    language = {français},
    keywords = {art-crh, crh-1984}
    }

@article{Pomian2549-1984,
    author = {Pomian, Krzysztof},
    title = {R. Klibansky, E. Panofsky, F. Saxl, Saturne et la mélancolie - livre montage},
    journal = {Le Débat},
    year = 1984,
    language = {français},
    keywords = {art-crh, crh-1984}
    }

@article{Pomian2550-1984,
    author = {Pomian, Krzysztof},
    title = {La cultura della curiosità},
    journal = {Prometeo},
    year = 1984,
    language = {italien},
    keywords = {art-crh, crh-1984}
    }

@article{Pomian2551-1984,
    author = {Pomian, Krzysztof},
    title = {Malarz spalonej ziemi},
    journal = {Kultura},
    year = 1984,
    language = {polonais},
    keywords = {art-crh, crh-1984}
    }

@article{Poublan2568-1984,
    author = {Poublan, Danièle},
    title = {Les employées, quelques données chiffrées},
    journal = {Pénélope},
    year = 1984,
    language = {français},
    keywords = {art-crh, crh-1984}
    }

@article{Reberioux2575-1984,
    author = {Reberioux, Madeleine},
    title = {Un dibattito per un museo della cultura operaia},
    journal = {Rivista di Storia contemporanea},
    year = 1984,
    language = {italien},
    keywords = {art-crh, crh-1984}
    }

@article{Reberioux2582-1984,
    author = {Reberioux, Madeleine},
    title = {Premières lectures du congrès de 1883},
    journal = {Prévenir},
    year = 1984,
    language = {français},
    keywords = {art-crh, crh-1984}
    }

@article{Reberioux2583-1984,
    author = {Reberioux, Madeleine},
    title = {Naissance de l'économie sociale},
    journal = {La Revue de l'économie sociale},
    year = 1984,
    language = {français},
    keywords = {art-crh, crh-1984}
    }

@article{Reberioux2584-1984,
    author = {Reberioux, Madeleine},
    title = {Le virage de Jaurès en 1907},
    journal = {Bulletin de la Société d'Etudes Jauresiennes},
    year = 1984,
    language = {français},
    keywords = {art-crh, crh-1984}
    }

@article{Reberioux2585-1984,
    author = {Reberioux, Madeleine},
    title = {Jaurès et les radicaux},
    journal = {Bulletin de la Société d'Etudes Jauresiennes},
    year = 1984,
    language = {français},
    keywords = {art-crh, crh-1984}
    }

@article{Reberioux2586-1984,
    author = {Reberioux, Madeleine},
    title = {Zola et la modernité},
    journal = {Les Cahiers naturalistes},
    year = 1984,
    language = {français},
    keywords = {art-crh, crh-1984}
    }

@article{Scherrer2616-1984,
    author = {Scherrer, Jutta},
    title = {Pierre Pascal : l'évènement traversé},
    journal = {Passé Présent},
    year = 1984,
    language = {français},
    keywords = {art-crh, crh-1984}
    }

@article{Scherrer2617-1984,
    author = {Scherrer, Jutta},
    title = {Als die Revolution Religion war},
    journal = {Merkur},
    year = 1984,
    language = {allemand},
    keywords = {art-crh, crh-1984}
    }

@article{Schmitt2629-1984,
    author = {Schmitt, Jean-Claude},
    title = {Le visioni},
    journal = {Prometeo},
    year = 1984,
    language = {italien},
    keywords = {art-crh, crh-1984}
    }

@article{Schmitt2635-1984,
    author = {Schmitt, Jean-Claude},
    title = {La fabrique des saints},
    journal = {Annales E.S.C.},
    year = 1984,
    language = {français},
    keywords = {art-crh, crh-1984}
    }

@article{Sigaut2661-1984,
    author = {Sigaut, François},
    title = {La situation actuelle de la recherche en histoire des techniques},
    journal = {Bulletin de la Société française d'histoire des sciences et des techniques},
    year = 1984,
    language = {français},
    keywords = {art-crh, crh-1984}
    }

@article{Sigaut2662-1984,
    author = {Sigaut, François},
    title = {Les musées d'agriculture dans le monde et en France},
    journal = {Techniques et Culture},
    year = 1984,
    language = {français},
    keywords = {art-crh, crh-1984}
    }

@article{Sigaut2664-1984,
    author = {Sigaut, François},
    title = {Un an de séminaire expérimental de Technologie},
    journal = {Techniques et Culture},
    year = 1984,
    language = {français},
    keywords = {art-crh, crh-1984}
    }

@article{Sinarellis2669-1984,
    author = {Sinarellis, Maroula},
    title = {Le commerce extérieur de la Grèce au XIXe siècle},
    journal = {Historica},
    year = 1984,
    language = {français},
    keywords = {art-crh, crh-1984}
    }

@article{Tenenti2675-1984,
    author = {Tenenti, Alberto},
    title = {Le monde de la Renaissance avant le XVIe siècle en Italie},
    journal = {Annals de la 2na Universitat d'Estiu 83},
    year = 1984,
    language = {français},
    keywords = {art-crh, crh-1984}
    }

@article{Vari2686-1984,
    author = {Vari, Stéphane},
    title = {Hausse de la mortalité et système de santé en U.R.S.S.},
    journal = {l'Autre Europe},
    year = 1984,
    language = {français},
    keywords = {art-crh, crh-1984}
    }

@article{Vitu2692-1984,
    author = {Vitu, Anne and J.P. Pelissier},
    title = {Etude sur la mobilité géographique des populations en milieu rural par analyse des registres de mariages. Essai de cartographie},
    journal = {D.H. bulletin d'information},
    year = 1984,
    language = {français},
    keywords = {art-crh, crh-1984}
    }

@book{Valensi996-1984,
    author = {Valensi, Lucette and A.-L. Udovitch},
    title = {The Last Arab Jews, The Communities of Jerba, Tunisia},
    publisher = {Harwood Academic Publishers},
    series = {},
    location = {New-York},
    year = 1984,
    pagetotal = {},
    language = {anglais},
    keywords = {book-crh, crh-1984}
    }

@book{Aron2086-1984,
    author = {Aron, Jean-Paul},
    title = {Les Modernes},
    publisher = {Gallimard},
    series = {},
    location = {Paris},
    year = 1984,
    pagetotal = {},
    language = {français},
    keywords = {book-crh, crh-1984}
    }

@book{Daumard2210-1984,
    author = {Daumard, Adeline and ?},
    title = {Historia social do Brasil. Teoria et metodologia},
    publisher = {},
    series = {},
    location = {Curitiba},
    year = 1984,
    pagetotal = {},
    language = {portugais},
    keywords = {book-crh, crh-1984}
    }

@book{Ducreux2228-1984,
    author = {Ducreux, Marie-Elisabeth and J. DUPAQUIER and E. BIDEAU},
    title = {Le Prénom : mode et histoire},
    publisher = {EHESS},
    series = {},
    location = {Paris},
    year = 1984,
    pagetotal = {},
    language = {français},
    keywords = {book-crh, crh-1984}
    }

@book{Dupaquier2237-1984,
    author = {Dupaquier, Jacques},
    title = {Pour la démographie historique},
    publisher = {PUF},
    series = {},
    location = {Paris},
    year = 1984,
    pagetotal = {},
    language = {français},
    keywords = {book-crh, crh-1984}
    }

@book{Duval2247-1984,
    author = {Duval, Bernadette and O. Epitalon},
    title = {Répertoire des ouvrages imprimés en langue italienne au XVIIe siècle conservés dans les bibliothèques de France},
    publisher = {CNRS},
    series = {},
    location = {Paris},
    year = 1984,
    pagetotal = {},
    language = {français},
    keywords = {book-crh, crh-1984}
    }

@book{Ferro2271-1984,
    author = {Ferro, Marc},
    title = {The Use and Abuse of History},
    publisher = {Routledge \& Kegan Paul},
    series = {},
    location = {Londres},
    year = 1984,
    pagetotal = {},
    language = {anglais},
    keywords = {book-crh, crh-1984}
    }

@book{Goubert2316-1984,
    author = {Goubert, Jean-Pierre and D. Lorillot},
    title = {1789. Le corps médical et le changement},
    publisher = {Editions Privat},
    series = {},
    location = {Toulouse},
    year = 1984,
    pagetotal = {},
    language = {français},
    keywords = {book-crh, crh-1984}
    }

@book{Guery2340-1984,
    author = {Guery, Alain},
    title = {Naissance de l'Etat moderne en France, XVe-XVIIIe siècles},
    publisher = {La Documentation française},
    series = {},
    location = {Paris},
    year = 1984,
    pagetotal = {},
    language = {français},
    keywords = {book-crh, crh-1984}
    }

@book{Guery2341-1984,
    author = {Guery, Alain},
    title = {La monarchie en France : du roi au chef d'Etat},
    publisher = {La Documentation française},
    series = {},
    location = {Paris},
    year = 1984,
    pagetotal = {},
    language = {français},
    keywords = {book-crh, crh-1984}
    }

@book{Halevi2350-1984,
    author = {Halevi, Ran-Yedid},
    title = {Les loges maçonniques dans la France d'Ancien Régime, aux origines de la sociabilité démocratique},
    publisher = {Armand Colin},
    series = {},
    location = {Paris},
    year = 1984,
    pagetotal = {},
    language = {français},
    keywords = {book-crh, crh-1984}
    }

@book{Lepetit2463-1984,
    author = {Lepetit, Bernard},
    title = {Chemins de terre et voies d'eau. Réseaux de transport et organisation de l'espace en France, 1740-1840},
    publisher = {CNRS},
    series = {},
    location = {Paris},
    year = 1984,
    pagetotal = {148},
    language = {français},
    keywords = {book-crh, crh-1984}
    }

@book{Ozouf2491-1984,
    author = {Ozouf, Mona},
    title = {L'Ecole de la France},
    publisher = {Gallimard},
    series = {},
    location = {Paris},
    year = 1984,
    pagetotal = {},
    language = {français},
    keywords = {book-crh, crh-1984}
    }

@book{Perrot2507-1984,
    author = {Perrot, Jean-Claude and St. Woolf},
    title = {State and Statistics in France},
    publisher = {Harwood Ac. publ.},
    series = {},
    location = {London},
    year = 1984,
    pagetotal = {},
    language = {anglais},
    keywords = {book-crh, crh-1984}
    }

@book{Pomian2558-1984,
    author = {Pomian, Krzysztof},
    title = {L'ordre du temps},
    publisher = {Gallimard},
    series = {},
    location = {Paris},
    year = 1984,
    pagetotal = {},
    language = {français},
    keywords = {book-crh, crh-1984}
    }

@book{Reberioux2581-1984,
    author = {Reberioux, Madeleine},
    title = {Prévenir : Autour du premier congrès des sociétés de secours mutuels},
    publisher = {},
    series = {},
    location = {},
    year = 1984,
    pagetotal = {},
    language = {français},
    keywords = {book-crh, crh-1984}
    }

@book{Schmitt2630-1984,
    author = {Schmitt, Jean-Claude},
    title = {La Herejia del santo lebrel. Guinfort, Curadero de ninos desde el siglo XIII},
    publisher = {Muchnik},
    series = {},
    location = {Barcelone},
    year = 1984,
    pagetotal = {},
    language = {espagnol},
    keywords = {book-crh, crh-1984}
    }

@book{Valensi2683-1984,
    author = {Valensi, Lucette and A.L. Udovitch},
    title = {Juifs en terre d'Islam. Les communautés de Djerba},
    publisher = {Archives contemporaines},
    series = {},
    location = {Paris},
    year = 1984,
    pagetotal = {},
    language = {français},
    keywords = {book-crh, crh-1984}
    }

@inproceedings{Hocquet251-1984,
    author = {Hocquet, Jean-Claude},
    editor = {},
    title = {Sedes et effusio. Métrologie et histoire religieuse durant la phase ecclésiastique de la production du sel},
    booktitle = {l'Eglise et le siècle du XIe siècle, XIXe congrès des historiens médiévistes de l'enseignement supérieur, Poitiers, 1983},
    publisher = {},
    location = {},
    year = 1984,
    pagetotal = {13},
    language = {français},
    keywords = {inproceedings-crh, crh-1984}
    }

@inproceedings{Hocquet252-1984,
    author = {Hocquet, Jean-Claude},
    editor = {},
    title = {Techniques et société. Exploitation et appropriation des salins de la Méditerranée occidentale},
    booktitle = {La sociétà mediterranea all'epoca del Vespro, Xie congrès d'histoire de la couronne d'Aragon, Palerme, 1982},
    publisher = {},
    location = {Palerme},
    year = 1984,
    pagetotal = {30},
    language = {français},
    keywords = {inproceedings-crh, crh-1984}
    }

@inproceedings{Hocquet254-1984,
    author = {Hocquet, Jean-Claude},
    editor = {},
    title = {Qui la gabelle du sel du Roi de France a-t-elle enrichi ?},
    booktitle = {La genèse de l'Etat moderne, Symposium international de Fontevraud},
    publisher = {},
    location = {},
    year = 1984,
    pagetotal = {},
    language = {français},
    keywords = {inproceedings-crh, crh-1984}
    }

@inproceedings{Froeschle330-1984,
    author = {Froeschle-Chopard, Marie-Hélène},
    editor = {},
    title = {Le village et l'église, étude du sacré},
    booktitle = {Actes des journées d'Histoire Régionale},
    publisher = {},
    location = {},
    year = 1984,
    pagetotal = {},
    language = {français},
    keywords = {inproceedings-crh, crh-1984}
    }

@inproceedings{Pomian403-1984,
    author = {Pomian, Krzysztof},
    editor = {B.Garnier and K.Pomian},
    title = {Métrologie historique et histoire intellectuelle},
    booktitle = {Les mesures et l'histoire, table ronde WitoldKula, 2 mai 1984},
    publisher = {CNRS},
    location = {Paris},
    year = 1984,
    pagetotal = {6},
    language = {français},
    keywords = {inproceedings-crh, crh-1984}
    }

@inproceedings{Pomian404-1984,
    author = {Pomian, Krzysztof},
    editor = {},
    title = {Solidarnosc : syndicat et identité nationale},
    booktitle = {Solidarité résiste et signe. Actes du colloque 'Pologne : août 1980-déc. 1982. Originalité et dynamisme d'une société'},
    publisher = {},
    location = {Paris},
    year = 1984,
    pagetotal = {25},
    language = {français},
    keywords = {inproceedings-crh, crh-1984}
    }

@inproceedings{Piponnier410-1984,
    author = {Piponnier, Françoise},
    editor = {},
    title = {Les sources de l'histoire de la culture matérielle à la lumière des recherches récentes},
    booktitle = {Die Erforschung von Alltag und Sachkultur des Mittelalters. Methode. Ziel. Verwirklichung, table ronde internationale, Krems, 1982},
    publisher = {},
    location = {Vienne},
    year = 1984,
    pagetotal = {10},
    language = {français},
    keywords = {inproceedings-crh, crh-1984}
    }

@inproceedings{Piponnier420-1984,
    author = {Piponnier, Françoise},
    editor = {},
    title = {La qualité de la vie en milieu rural : exemples bourguignons},
    booktitle = {Baüerliche Sachkultur des Spätmittelalters, Actes du congrès de Krems (Autriche), 1982},
    publisher = {},
    location = {Vienne},
    year = 1984,
    pagetotal = {14},
    language = {français},
    keywords = {inproceedings-crh, crh-1984}
    }

@inproceedings{Mane476-1984,
    author = {Mane, Perrine},
    editor = {},
    title = {L'apport de l'iconographie des calendriers pour l'étude de la vie rurale en France et en Italie (Exemple : la taille de la vigne)},
    booktitle = {Actes du Congrès international : Bäuerliche Sachkultur des Spätmittenalters, Krems, septembre 1982},
    publisher = {Verlag der Osterreichischen Akademie der Wissenschaften},
    location = {Vienne},
    year = 1984,
    pagetotal = {11},
    language = {français},
    keywords = {inproceedings-crh, crh-1984}
    }

@inproceedings{Mane477-1984,
    author = {Mane, Perrine},
    editor = {},
    title = {L'alimentation des paysans en France et en Italie, aux XIIe et XIIIe siècles, à travers l'iconographie des calendriers},
    booktitle = {Actes du Colloque Manger et Boire au Moyen Age, Nice octobre 1982},
    publisher = {Les Belles Lettres},
    location = {},
    year = 1984,
    pagetotal = {15},
    language = {français},
    keywords = {inproceedings-crh, crh-1984}
    }

@inproceedings{Mane478-1984,
    author = {Mane, Perrine and M. Closson and F. Piponnier},
    editor = {},
    title = {Le costume paysan au Moyen Age : sources et méthodes},
    booktitle = {Actes du Colloque : Vers une anthropologie du vêtement, Paris, mars 1983},
    publisher = {},
    location = {},
    year = 1984,
    pagetotal = {18},
    language = {français},
    keywords = {inproceedings-crh, crh-1984}
    }

@inproceedings{Schnapper483-1984,
    author = {Schnapper, Dominique},
    editor = {},
    title = {Crise économique, chômage et anomie},
    booktitle = {La crise dans tous ses états, actes du colloque de l'Association belge des sociologues de langue française, Liège, 28-30 mars 1984},
    publisher = {},
    location = {},
    year = 1984,
    pagetotal = {13},
    language = {français},
    keywords = {inproceedings-crh, crh-1984}
    }

@inproceedings{Lemay509-1984,
    author = {Lemay, Edna},
    editor = {},
    title = {Hommes de loi, hommes des Lumières : quelques représentants typiques},
    booktitle = {Actes du Ve colloque de Matrafured, 20-24 octobre 1981},
    publisher = {},
    location = {Budapest},
    year = 1984,
    pagetotal = {24},
    language = {français},
    keywords = {inproceedings-crh, crh-1984}
    }

@inproceedings{Ozouf550-1984,
    author = {Ozouf, Mona},
    editor = {},
    title = {Histoire et instruction civique},
    booktitle = {Actes du Colloque L'Enseignement de l'histoire, Montpellier, 1984},
    publisher = {Editions du Centre national de la documentation pédagogique},
    location = {Paris},
    year = 1984,
    pagetotal = {},
    language = {français},
    keywords = {inproceedings-crh, crh-1984}
    }

@inproceedings{Berlioz569-1984,
    author = {Berlioz, Jacques},
    editor = {},
    title = {Pélerinage et pénitence dans le recueil d'exempla d'Etienne de Bourbon, O.P. (+ vers 1261)},
    booktitle = {La faute, la répression et le pardon, 107e congrès national des sociétés savantes, Brest, 1982},
    publisher = {},
    location = {Paris},
    year = 1984,
    pagetotal = {14},
    language = {français},
    keywords = {inproceedings-crh, crh-1984}
    }

@inproceedings{Berlioz570-1984,
    author = {Berlioz, Jacques},
    editor = {},
    title = {General and specific problems in the research about exempla (séminaire ' Index des exempla médiévaux', Paris, EHESS)},
    booktitle = {Medieval Sermon Studies, Symposium IV},
    publisher = {},
    location = {},
    year = 1984,
    pagetotal = {2},
    language = {anglais},
    keywords = {inproceedings-crh, crh-1984}
    }

@inproceedings{Beutler596-1984,
    author = {Beutler, Corinne and M. Baulant},
    editor = {A. Guarducci},
    title = {Les droits de la communauté villageoise sur les cultures : glanage et chaume en France, XVIIe-XVIIIe siècles},
    booktitle = {Atti della Undicesima Settimana di Studio Agricoltura e Trasformazione dell'ambiente, secoli XIIIe-XVIIIe, Prato 1979},
    publisher = {},
    location = {Florence},
    year = 1984,
    pagetotal = {},
    language = {français},
    keywords = {inproceedings-crh, crh-1984}
    }

@inproceedings{Braunstein612-1984,
    author = {Braunstein, Philippe},
    editor = {F. Caron},
    title = {A l'origine des privilèges d'invention aux XIVe et XVe siècles},
    booktitle = {Les brevets. Leur utilisation en histoire des techniques et de l'économie, Table ronde CNRS},
    publisher = {IHMC-Paris IV},
    location = {Paris},
    year = 1984,
    pagetotal = {8},
    language = {français},
    keywords = {inproceedings-crh, crh-1984}
    }

@inproceedings{Beck628-1984,
    author = {Beck-Bossard, Corinne and D. Alexandre},
    editor = {},
    title = {La préparation des repas et leur consommation en Forez au XVe siècle d'après les sources archéologiques},
    booktitle = {Colloque Manger et boire au Moyen Age, Nice 1982},
    publisher = {Les belles lettres},
    location = {Nice},
    year = 1984,
    pagetotal = {13},
    language = {français},
    keywords = {inproceedings-crh, crh-1984}
    }

@inproceedings{Alexandre682-1984,
    author = {Alexandre-Bidon, Danièle and M. Closson},
    editor = {},
    title = {Femmes battues, maris battus, amants battus à travers les miniatures (XIIIe-XVe siècles)},
    booktitle = {Actes du Colloque Amour, Mariage et Transgression au Moyen-Age, Amiens, 1983},
    publisher = {Kümmerle Verlag},
    location = {Göttingen},
    year = 1984,
    pagetotal = {21},
    language = {français},
    keywords = {inproceedings-crh, crh-1984}
    }

@inproceedings{Alexandre683-1984,
    author = {Alexandre-Bidon, Danièle and C. Beck-Bossard},
    editor = {},
    title = {La préparation des repas et leur consommation en Forez au XVe siècle, d'après les sources archéologiques},
    booktitle = {Actes du Colloque Boire et Manger au Moyen-Age, Nice, 1982},
    publisher = {Les Belles Lettres},
    location = {},
    year = 1984,
    pagetotal = {13},
    language = {français},
    keywords = {inproceedings-crh, crh-1984}
    }

@inproceedings{Antoniadis696-1984,
    author = {Antoniadis, Hélène},
    editor = {},
    title = {Propositions pour l'étude de l'Histoire de la Résistance},
    booktitle = {Actes du Colloque pour l'Histoire de la Résistance Nationale, Athènes, octobre 1984},
    publisher = {},
    location = {Athènes},
    year = 1984,
    pagetotal = {4},
    language = {français},
    keywords = {inproceedings-crh, crh-1984}
    }

@inproceedings{Debert747-1984,
    author = {Debert, Aline},
    editor = {},
    title = {Bibliographie de l'abbaye Saint-Michel de Frigolet et de ses religieux},
    booktitle = {Actes du colloque historique Création et tradition à Saint-Michel de Frigolet : la restauration de l'ordre de Prémontré par le Père Edmond Boulbon (1817-1883)},
    publisher = {Abbaye Saint-Michel de Frigolet},
    location = {Tarascon-sur-Rhône},
    year = 1984,
    pagetotal = {11},
    language = {français},
    keywords = {inproceedings-crh, crh-1984}
    }

@inproceedings{Descimon759-1984,
    author = {Descimon, Robert and Ch. Jouhaud},
    editor = {J. Nicolas},
    title = {De Paris à Bordeaux : pour qui court le peuple pendant la Fronde (1652) ?},
    booktitle = {Mouvements populaires et conscience sociale, Colloque de l'université ParisVII-CNRS, Paris 1984},
    publisher = {Maloine},
    location = {Paris},
    year = 1984,
    pagetotal = {12},
    language = {français},
    keywords = {inproceedings-crh, crh-1984}
    }

@inproceedings{Baulant2101-1984,
    author = {Baulant, Micheline},
    editor = {A. Guarducci},
    title = {Les droits de la communauté villageoise sur les cultures : glanage et chaume en France, XVIIe-XVIIIe siècles},
    booktitle = {Agricoltora e transformazione dell'ambiente, secoli XIII-XVIII, Atti della undecima settimana di Studio},
    publisher = {},
    location = {Florence},
    year = 1984,
    pagetotal = {},
    language = {français},
    keywords = {inproceedings-crh, crh-1984}
    }

@inproceedings{Farge2255-1984,
    author = {Farge, Arlette},
    editor = {},
    title = {L'insécurité à Paris : un thème familier du XVIIIe siècle},
    booktitle = {Colloque RATP, Imaginaires de l'insécurité et idéologie sécuritaire},
    publisher = {},
    location = {},
    year = 1984,
    pagetotal = {},
    language = {français},
    keywords = {inproceedings-crh, crh-1984}
    }

@inproceedings{Fauve2260-1984,
    author = {Fauve-Chamoux, Antoinette},
    editor = {A.Fauve-Chamoux},
    title = {Malthus hier et aujourd'hui},
    booktitle = {Actes du congrès international de démographie historique},
    publisher = {CNRS},
    location = {Paris},
    year = 1984,
    pagetotal = {},
    language = {français},
    keywords = {inproceedings-crh, crh-1984}
    }

@inproceedings{Goy2327-1984,
    author = {Goy, Joseph},
    editor = {},
    title = {Remarques préliminaires sur le grand domaine rural et la petite exploitation en France de l'époque gallo-romaine au XIXe siècle},
    booktitle = {Congreso de Historia Rural, Siglos XV al XIX},
    publisher = {},
    location = {},
    year = 1984,
    pagetotal = {12},
    language = {français},
    keywords = {inproceedings-crh, crh-1984}
    }

@inproceedings{Hemardinquer2361-1984,
    author = {Hemardinquer, Jean-Jacques},
    editor = {},
    title = {Carnaval et politique au XIXe siècle},
    booktitle = {Le carnaval, la fête et la communicatio, Actes des premières rencontres internationales de Nice, 8-10 mars 1984},
    publisher = {},
    location = {},
    year = 1984,
    pagetotal = {22},
    language = {français},
    keywords = {inproceedings-crh, crh-1984}
    }

@inproceedings{Jouhaud2385-1984,
    author = {Jouhaud, Christian},
    editor = {},
    title = {Propagande et action au temps de la Fronde},
    booktitle = {dans Culture et idéologie dans la genèse de l'Etat moderne},
    publisher = {},
    location = {},
    year = 1984,
    pagetotal = {16},
    language = {français},
    keywords = {inproceedings-crh, crh-1984}
    }

@inproceedings{Pomian2556-1984,
    author = {Pomian, Krzysztof},
    editor = {},
    title = {Ordre et désordre dans la vie culturelle d'aujourd'hui : l'Encyclopédie Einaudi},
    booktitle = {XXXIXe Rencontres internationales de Genève, Ordre et Désordre},
    publisher = {},
    location = {},
    year = 1984,
    pagetotal = {23},
    language = {français},
    keywords = {inproceedings-crh, crh-1984}
    }

@inproceedings{Klapisch3251-1984,
    author = {Klapisch-Zuber, Christiane},
    editor = {},
    title = {Les généalogies florentines du XIVe et du XVe siècles},
    booktitle = {Actes des séminaires Le modèle familiale européen. Normes, déviances, contrôle du pouvoir},
    publisher = {},
    location = {},
    year = 1984,
    pagetotal = {31},
    language = {français},
    keywords = {inproceedings-crh, crh-1984}
    }

@inproceedings{Schmitt3526-1984,
    author = {Schmitt, Jean-Claude},
    editor = {},
    title = {Religion et guérison dans l'Occident médiéval},
    booktitle = {Historiens et sociologues aujourd'hui, Journées d'études annuelles dela société française de sociologie, Lille 14-15 juin 1984},
    publisher = {CNRS},
    location = {Paris},
    year = 1984,
    pagetotal = {16},
    language = {français},
    keywords = {inproceedings-crh, crh-1984}
    }

@inreference{Hemardinquer2358-1984,
    author = {Hemardinquer, Jean-Jacques},
    editor = {},
    title = {Grar},
    booktitle = {Dictionnaire de Biographie française},
    publisher = {P. LETOUZEY et ANE},
    series = {},
    location = {Paris},
    year = 1984,
    pagetotal = {},
    language = {français},
    keywords = {dict-crh, crh-1984}
    }

@inreference{Hemardinquer2359-1984,
    author = {Hemardinquer, Jean-Jacques},
    editor = {},
    title = {Grassin (A.,G.,P.,S.)},
    booktitle = {Dictionnaire de Biographie française},
    publisher = {P. LETOUZEY et ANE},
    series = {},
    location = {Paris},
    year = 1984,
    pagetotal = {},
    language = {français},
    keywords = {dict-crh, crh-1984}
    }

@inreference{Pomian2552-1984,
    author = {Pomian, Krzysztof},
    editor = {},
    title = {Coleçao},
    booktitle = {Enciclopedia Einaudi},
    publisher = {Einaudi},
    series = {},
    location = {Turin},
    year = 1984,
    pagetotal = {36},
    language = {italien},
    keywords = {dict-crh, crh-1984}
    }

@proceedings{Farge1441-1984,
    editor = {Farge, Arlette and C.Klapisch},
    editortype = {dir.},
    title = {Madame ou Mademoiselle? Itinéraires de la solitude féminine},
    booktitle = {Madame ou Mademoiselle? Itinéraires de la solitude féminine},
    publisher = {Montalba},
    location = {Paris},
    year = 1984,
    pagetotal = {303},
    language = {français},
    keywords = {proceedings-crh, crh-1984}
    }

@proceedings{Chartier2173-1984,
    editor = {Chartier, Roger and H.- J. MARTIN},
    editortype = {dir.},
    title = {Histoire de l'Edition Française, t.II: De 1660 à 1830},
    booktitle = {Histoire de l'Edition Française, t.II: De 1660 à 1830},
    publisher = {Promodis},
    location = {Paris},
    year = 1984,
    pagetotal = {},
    language = {français},
    keywords = {proceedings-crh, crh-1984}
    }

@proceedings{Dauphin2212-1984,
    editor = {Dauphin-Memeteau, Cécile and P. Pézerat},
    editortype = {dir.},
    title = {Femmes au bureau},
    booktitle = {Femmes au bureau},
    publisher = {},
    location = {},
    year = 1984,
    pagetotal = {},
    language = {français},
    keywords = {proceedings-crh, crh-1984}
    }

@proceedings{Klapisch2409-1984,
    editor = {Klapisch-Zuber, Christiane and A. FARGE},
    editortype = {dir.},
    title = {Madame ou Mademoiselle ? Itinéraires de la solitude féminine, XVIIIe-XXe siècles},
    booktitle = {Madame ou Mademoiselle ? Itinéraires de la solitude féminine, XVIIIe-XXe siècles},
    publisher = {Arthaud-Montalba},
    location = {Paris},
    year = 1984,
    pagetotal = {303},
    language = {français},
    keywords = {proceedings-crh, crh-1984}
    }

@proceedings{Nora2482-1984,
    editor = {Nora, Pierre},
    editortype = {dir.},
    title = {Les Lieux de Mémoire},
    booktitle = {Les Lieux de Mémoire},
    publisher = {Gallimard},
    location = {Paris},
    year = 1984,
    pagetotal = {},
    language = {français},
    keywords = {proceedings-crh, crh-1984}
    }

@proceedings{Pomian2555-1984,
    editor = {Pomian, Krzysztof and B. GARNIER},
    editortype = {dir.},
    title = {Les mesures et l'histoire (table ronde Witold Kula, 2 mai 1984},
    booktitle = {Les mesures et l'histoire (table ronde Witold Kula, 2 mai 1984},
    publisher = {CNRS},
    location = {Paris},
    year = 1984,
    pagetotal = {},
    language = {français},
    keywords = {proceedings-crh, crh-1984}
    }

@collection{Alexandre2070-1984,
    author = {Alexandre-Bidon, Danièle and P. Perin, and P. Forni and J.-P. Adam and al.},
    editor = {},
    title = {'Ave Alix': catalogue de l'exposition Clovis, Chapelle de la Sorbonne, 1984},
    booktitle = {},
    publisher = {Editions Clovis},
    location = {Paris},
    year = 1984,
    pagetotal = {},
    language = {français},
    keywords = {expo-crh, crh-1984}
    }

@collection{Grinberg2331-1984,
    author = {Grinberg, Martine},
    editor = {},
    title = {Textes du catalogue de l'exposition Carnavals et fêtes d'hiver},
    booktitle = {},
    publisher = {Bibliothèque publique d'information du Centre G.Pompidou},
    location = {Paris},
    year = 1984,
    pagetotal = {},
    language = {français},
    keywords = {expo-crh, crh-1984}
    }

@incollection{LeGoff284-1984,
    author = {Le Goff, Jacques},
    editor = {},
    title = {Quelques remarques sur les rêves de Helmbrecht Père},
    booktitle = {Göppinger Arbeiten zur Germanistik, Mélanges Emile-Georges Zink},
    publisher = {},
    location = {},
    year = 1984,
    pagetotal = {19},
    language = {français},
    keywords = {melanges-crh, crh-1984}
    }

@incollection{Richet393-1984,
    author = {Richet, Denis},
    editor = {},
    title = {Politique et religion : les processions à Paris en 1589},
    booktitle = {La France d'Ancien Régime. Etudes réunies en l'honneur de Pierre Goubert},
    publisher = {Privat},
    location = {Toulouse},
    year = 1984,
    pagetotal = {},
    language = {français},
    keywords = {melanges-crh, crh-1984}
    }

@incollection{Lepetit482-1984,
    author = {Lepetit, Bernard},
    editor = {},
    title = {Espaces écrits. La géographie parisienne de l'Abbé Teisserenc (1754)},
    booktitle = {La France d'Ancien Régime. Etudes réunies en l'honneur de Pierre Goubert},
    publisher = {},
    location = {Toulouse},
    year = 1984,
    pagetotal = {10},
    language = {français},
    keywords = {melanges-crh, crh-1984}
    }

@incollection{Perrot529-1984,
    author = {Perrot, Jean-Claude},
    editor = {},
    title = {La main invisible et le Dieu caché},
    booktitle = {Différences, Valeurs, Hiérarchie, textes offerts à Louis Dumont},
    publisher = {},
    location = {Paris},
    year = 1984,
    pagetotal = {},
    language = {français},
    keywords = {melanges-crh, crh-1984}
    }

@incollection{Perrot530-1984,
    author = {Perrot, Jean-Claude},
    editor = {},
    title = {L'analyse dynamique des crises au XVIIIe siècle},
    booktitle = {La France d'Ancien Régime, études réunies en l'honneur de P. Goubert},
    publisher = {Privat},
    location = {Toulouse},
    year = 1984,
    pagetotal = {},
    language = {français},
    keywords = {melanges-crh, crh-1984}
    }

@incollection{Descimon730-1984,
    author = {Descimon, Robert},
    editor = {},
    title = {Le financement frondeur de la Guerre de Paris},
    booktitle = {La France d'Ancien Régime. Etudes réunies en l'honneur de Pierre Goubert},
    publisher = {Privat},
    location = {Toulouse},
    year = 1984,
    pagetotal = {11},
    language = {français},
    keywords = {melanges-crh, crh-1984}
    }

@incollection{Dupaquier764-1984,
    author = {Dupaquier, Jacques},
    editor = {},
    title = {Naissance d'une légende noire. 'Jacques Bonhomme' vu par les manuels d'histoire de l'enseignement primaire (1880-1914)},
    booktitle = {La France d'Ancien Régime, Etudes réunies en l'honneur de Pierre Goubert},
    publisher = {Privat},
    location = {Toulouse},
    year = 1984,
    pagetotal = {},
    language = {français},
    keywords = {melanges-crh, crh-1984}
    }

@incollection{Furet2841-1984,
    author = {Furet, François},
    editor = {},
    title = {Le dialogue posthume d'Edgar Quinet avec Tocqueville à propos de l'Ancien Régime},
    booktitle = {Mélanges offerts à Louis Dumont},
    publisher = {},
    location = {Paris},
    year = 1984,
    pagetotal = {},
    language = {français},
    keywords = {melanges-crh, crh-1984}
    }

@incollection{Julia241-1984,
    author = {Julia, Dominique},
    editor = {H.-J. Martin and R. Chartier},
    title = {Livres scolaires et usages pédagogiques (1660-1780)},
    booktitle = {Histoire de l'Edition française},
    publisher = {Promodis},
    location = {Paris},
    year = 1984,
    pagetotal = {30},
    language = {français},
    keywords = {collectif-crh, crh-1984}
    }

@incollection{Hocquet253-1984,
    author = {Hocquet, Jean-Claude},
    editor = {?},
    title = {Das Bestreben nach Vereinheitlichung und Normung der alten runden Masse in Europa und deren Grenzen (XV.-XVIII. Jahrhundert)},
    booktitle = {Die historische Metrologie in der Wissenschaften (Symposium de Siegen RFA)},
    publisher = {},
    location = {Siegen, RFA},
    year = 1984,
    pagetotal = {},
    language = {allemand},
    keywords = {collectif-crh, crh-1984}
    }

@incollection{Julliard260-1984,
    author = {Julliard, Jacques},
    editor = {Sofres},
    title = {Les élections municipales de mars 1983 : l'alerte},
    booktitle = {Opinion publique 1984},
    publisher = {Gallimard},
    location = {Paris},
    year = 1984,
    pagetotal = {8},
    language = {français},
    keywords = {collectif-crh, crh-1984}
    }

@incollection{Jeannin266-1984,
    author = {Jeannin, Pierre},
    editor = {?},
    title = {Normes métrologiques et niveaux d'activité économique},
    booktitle = {Les Mesures et l'histoire, Cahiers de métrologie},
    publisher = {},
    location = {Paris},
    year = 1984,
    pagetotal = {6},
    language = {français},
    keywords = {collectif-crh, crh-1984}
    }

@incollection{Klapisch299-1984,
    author = {Klapisch-Zuber, Christiane},
    editor = {J. Dupaquier and A. Bideau and M.-E. Ducreux},
    title = {Constitution et variations temporelles des stocks de prénoms},
    booktitle = {Le prénom. Modes et histoire},
    publisher = {EHESS},
    location = {Paris},
    year = 1984,
    pagetotal = {11},
    language = {français},
    keywords = {collectif-crh, crh-1984}
    }

@incollection{Klapisch302-1984,
    author = {Klapisch-Zuber, Christiane},
    editor = {R.C. Trexler},
    title = {La femme et le lignage florentin (XIVe-XVIe siècles)},
    booktitle = {Persons in groups. Social behavior as identity formation},
    publisher = {},
    location = {Binghamton},
    year = 1984,
    pagetotal = {13},
    language = {français},
    keywords = {collectif-crh, crh-1984}
    }

@incollection{Klapisch303-1984,
    author = {Klapisch-Zuber, Christiane},
    editor = {G. Pinto},
    title = {Structures démographiques et structures familiales dans l'Italie médiévale},
    booktitle = {Strutture familiari, epidemie, migrazioni nell'Italia medievale},
    publisher = {},
    location = {Sienne},
    year = 1984,
    pagetotal = {8},
    language = {français},
    keywords = {collectif-crh, crh-1984}
    }

@incollection{Sigaut306-1984,
    author = {Sigaut, François},
    editor = {N. Morin},
    title = {La répartition géographique des animaux de bât en France},
    booktitle = {Bestiaire poitevin},
    publisher = {Edition UPCP-Geste paysanne},
    location = {Prahecq},
    year = 1984,
    pagetotal = {4},
    language = {français},
    keywords = {collectif-crh, crh-1984}
    }

@incollection{Valensi324-1984,
    author = {Valensi, Lucette},
    editor = {J.-Cl. Vatin},
    title = {Le Maghreb vu du centre. Sa place dans la sociologie française},
    booktitle = {Connaissance du Maghreb},
    publisher = {CNRS},
    location = {Paris},
    year = 1984,
    pagetotal = {18},
    language = {français},
    keywords = {collectif-crh, crh-1984}
    }

@incollection{Vincent336-1984,
    author = {Vincent, Bernard},
    editor = {?},
    title = {Les Morisques et la circoncision},
    booktitle = {Religion, identité et sources documentaires sur les Morisques andalous},
    publisher = {},
    location = {Tunis},
    year = 1984,
    pagetotal = {12},
    language = {français},
    keywords = {collectif-crh, crh-1984}
    }

@incollection{Guillou351-1984,
    author = {Guillou, André},
    editor = {?},
    title = {Géographie administrative et géographie humaine de la Sicile byzantine (VIe-IXe siècle)},
    booktitle = {La géographie historique du monde protobyzantin},
    publisher = {},
    location = {Paris},
    year = 1984,
    pagetotal = {7},
    language = {français},
    keywords = {collectif-crh, crh-1984}
    }

@incollection{Triantafyllidou375-1984,
    author = {Triantafyllidou-Baladie, Yolande},
    editor = {?},
    title = {Les inventaires après-décès, problématique et méthode. Une enquête du Centre de Recherches Historiques de l'E.H.E.S.S.},
    booktitle = {Cahiers de Travail},
    publisher = {Centre de recherches néohelléniques d'Athènes},
    location = {Athènes},
    year = 1984,
    pagetotal = {9},
    language = {grec},
    keywords = {collectif-crh, crh-1984}
    }

@incollection{Pomian397-1984,
    author = {Pomian, Krzysztof},
    editor = {I. Portis Winner and T. Winner},
    title = {The Polish Peasant in Literature and Ideology},
    booktitle = {The Peasant and the City : Interpenetrating Structures},
    publisher = {},
    location = {Cambridge, Mass.},
    year = 1984,
    pagetotal = {21},
    language = {anglais},
    keywords = {collectif-crh, crh-1984}
    }

@incollection{Pomian399-1984,
    author = {Pomian, Krzysztof},
    editor = {G. Drabik and R. C. Fernandez},
    title = {O partido, o aparelho e a base},
    booktitle = {Polônia : o partido, a igreja, o solidariedade},
    publisher = {},
    location = {Rio de Janeiro},
    year = 1984,
    pagetotal = {19},
    language = {portugais},
    keywords = {collectif-crh, crh-1984}
    }

@incollection{Pomian401-1984,
    author = {Pomian, Krzysztof},
    editor = {J. Gadille and R. Ladous},
    title = {L'histoire de la science et l'histoire de l'histoire},
    booktitle = {Des sciences de la nature aux sciences de l'homme},
    publisher = {},
    location = {Paris-Lyon},
    year = 1984,
    pagetotal = {4},
    language = {français},
    keywords = {collectif-crh, crh-1984}
    }

@incollection{Pezerat412-1984,
    author = {Pezerat, Pierrette},
    editor = {A. Farge and Ch. Klapisch},
    title = {Femmes sans mari : les employées des postes},
    booktitle = {Madame ou Mademoiselle ? Itinéraires de la solitude féminine, XVIIIe-XXe siècles},
    publisher = {Montalba},
    location = {Paris},
    year = 1984,
    pagetotal = {46},
    language = {français},
    keywords = {collectif-crh, crh-1984}
    }

@incollection{Piponnier422-1984,
    author = {Piponnier, Françoise and P. Beck},
    editor = {?},
    title = {Il sito : edifici e topografia},
    booktitle = {Fiorentino, prospezioni sul territorio, Scavi 1982, Quaderni di archeologia e studia dell'arte in Capitanata},
    publisher = {},
    location = {Torremaggiore},
    year = 1984,
    pagetotal = {7},
    language = {italien},
    keywords = {collectif-crh, crh-1984}
    }

@incollection{Piponnier423-1984,
    author = {Piponnier, Françoise},
    editor = {H. Bresc},
    title = {Mobiliers archéologiques et culture matérielle, XIe-XIIIe siècles},
    booktitle = {Matérieux pour l'histoire des cadres de vie dans l'Europe occidentale (1050-1250)},
    publisher = {},
    location = {Nice},
    year = 1984,
    pagetotal = {13},
    language = {français},
    keywords = {collectif-crh, crh-1984}
    }

@incollection{Schmitt430-1984,
    author = {Schmitt, Jean-Claude},
    editor = {?},
    title = {Temps, folklore et politique au XIIe siècle. A propos de deux récits de Walter Map, De nugis curialium I, 9 et IV, 13},
    booktitle = {Le Temps chrétien de la fin de l'Antiquité au Moyen Age, III-XIIIe siècles},
    publisher = {CNRS},
    location = {Paris},
    year = 1984,
    pagetotal = {25},
    language = {français},
    keywords = {collectif-crh, crh-1984}
    }

@incollection{Poublan458-1984,
    author = {Poublan, Danièle and P. Pézerat},
    editor = {A. Farge and Ch. Klapisch},
    title = {Femmes sans maris, les employées des PTT},
    booktitle = {Madame ou Mademoiselle ? Itinéraires de la solitude féminine, XVIIIe-XXe siècles},
    publisher = {Montalba},
    location = {Paris},
    year = 1984,
    pagetotal = {46},
    language = {français},
    keywords = {collectif-crh, crh-1984}
    }

@incollection{Reberioux463-1984,
    author = {Reberioux, Madeleine},
    editor = {P. Nora},
    title = {Le Mur des Fédérés},
    booktitle = {Les Lieux de Mémoire, 1: La République},
    publisher = {Gallimard},
    location = {Paris},
    year = 1984,
    pagetotal = {},
    language = {français},
    keywords = {collectif-crh, crh-1984}
    }

@incollection{Nahoum505-1984,
    author = {Nahoum-Grappe, Véronique},
    editor = {A. Farge and Ch. Klapisch-Zuber},
    title = {La femme seule et la vieille fille, deux personnages, deux auteurs : Michelet et Balzac},
    booktitle = {Madame ou Mademoiselle ? Itinéraires de la solitude féminine, XVIIIe-XXe siècles},
    publisher = {Montalba},
    location = {Paris},
    year = 1984,
    pagetotal = {15},
    language = {français},
    keywords = {collectif-crh, crh-1984}
    }

@incollection{Lemay508-1984,
    author = {Lemay, Edna},
    editor = {Mme Rupp-Eisenreich},
    title = {Le monde extra-européen dans la formation de deux révolutionnaires},
    booktitle = {Histoire de l'Anthropologie, XVIe-XIXe siècles},
    publisher = {Klincksieck},
    location = {Paris},
    year = 1984,
    pagetotal = {14},
    language = {français},
    keywords = {collectif-crh, crh-1984}
    }

@incollection{Parent515-1984,
    author = {Parent-Lardeur, Françoise},
    editor = {A. Farge and Ch. Klapisch},
    title = {La vendeuse de grand magasin},
    booktitle = {Madame ou Mademoiselle},
    publisher = {Montalba},
    location = {Paris},
    year = 1984,
    pagetotal = {15},
    language = {français},
    keywords = {collectif-crh, crh-1984}
    }

@incollection{Parent516-1984,
    author = {Parent-Lardeur, Françoise},
    editor = {R. Chartier and H.-J. Martin},
    title = {De nouvelles pratiques de lecture},
    booktitle = {Histoire de l'Edition Française},
    publisher = {Promodis},
    location = {Paris},
    year = 1984,
    pagetotal = {18},
    language = {français},
    keywords = {collectif-crh, crh-1984}
    }

@incollection{Nahoum527-1984,
    author = {Nahoum-Grappe, Véronique},
    editor = {A. Farge and Ch. Klapisch},
    title = {Des solitudes en récit},
    booktitle = {Madame ou Mademoiselle, itinéraires de la solitude féminine, XVIIIe-XXe},
    publisher = {Montalba},
    location = {Paris},
    year = 1984,
    pagetotal = {10},
    language = {français},
    keywords = {collectif-crh, crh-1984}
    }

@incollection{Perrot528-1984,
    author = {Perrot, Jean-Claude},
    editor = {R. Chartier and H.-J. Martin},
    title = {L'Economie politique et ses livres},
    booktitle = {Histoire de L'Edition Française},
    publisher = {Promodis},
    location = {Paris},
    year = 1984,
    pagetotal = {},
    language = {français},
    keywords = {collectif-crh, crh-1984}
    }

@incollection{Peter532-1984,
    author = {Peter, Jean-Pierre},
    editor = {J.-L. Peset},
    title = {Reparar el desorden del mundo : la medicina ilustrads ante la enfermedad epidemica},
    booktitle = {Enfermedad y Castigo},
    publisher = {},
    location = {Madrid},
    year = 1984,
    pagetotal = {24},
    language = {italien},
    keywords = {collectif-crh, crh-1984}
    }

@incollection{Nora542-1984,
    author = {Nora, Pierre},
    editor = {P. Nora},
    title = {Entre mémoire et histoire},
    booktitle = {Les Lieux de Mémoire, 1: La République},
    publisher = {Gallimard},
    location = {Paris},
    year = 1984,
    pagetotal = {43},
    language = {français},
    keywords = {collectif-crh, crh-1984}
    }

@incollection{Ozouf545-1984,
    author = {Ozouf, Jacques and M. Ozouf},
    editor = {P. Nora},
    title = {Le tour de France par deux enfants, le petit livre rouge de la République},
    booktitle = {Les Lieux de Mémoire, 1: La République},
    publisher = {Gallimard},
    location = {Paris},
    year = 1984,
    pagetotal = {},
    language = {français},
    keywords = {collectif-crh, crh-1984}
    }

@incollection{Ozouf548-1984,
    author = {Ozouf, Mona and J. Ozouf},
    editor = {H. Moniot},
    title = {L'Alsace-Lorraine, mode d'emploi},
    booktitle = {Enseigner l'Histoire : des manuels à la mémoire},
    publisher = {Peter Lang},
    location = {},
    year = 1984,
    pagetotal = {18},
    language = {français},
    keywords = {collectif-crh, crh-1984}
    }

@incollection{Ozouf551-1984,
    author = {Ozouf, Mona},
    editor = {P. Nora},
    title = {Le Panthéon, l'Ecole normale des morts},
    booktitle = {Les Lieux de Mémoire, 1: La République},
    publisher = {Gallimard},
    location = {Paris},
    year = 1984,
    pagetotal = {},
    language = {français},
    keywords = {collectif-crh, crh-1984}
    }

@incollection{Ozouf556-1984,
    author = {Ozouf, Jacques and M. Ozouf},
    editor = {H. Moniot},
    title = {L'Alsace-Lorraine, mode d'emploi},
    booktitle = {Enseigner l'histoire : des manuels à la mémoire},
    publisher = {Peter Lang},
    location = {},
    year = 1984,
    pagetotal = {18},
    language = {français},
    keywords = {collectif-crh, crh-1984}
    }

@incollection{Berlioz568-1984,
    author = {Berlioz, Jacques},
    editor = {?},
    title = {Sainte Pélagie dans un exemplum d'Etienne de Bourbon},
    booktitle = {Pélagie la Pénitente. Métamorphoses d'une légende T. II. La survie dans les littératures européennes},
    publisher = {},
    location = {Paris},
    year = 1984,
    pagetotal = {7},
    language = {français},
    keywords = {collectif-crh, crh-1984}
    }

@incollection{Berthe574-1984,
    author = {Berthe, Jean-Pierre},
    editor = {J. L. Peset},
    title = {Les épidémies au Mexique au XVIe siècle},
    booktitle = {Enfermedad y Castigo},
    publisher = {},
    location = {Madrid},
    year = 1984,
    pagetotal = {7},
    language = {français},
    keywords = {collectif-crh, crh-1984}
    }

@incollection{Braunstein598-1984,
    author = {Braunstein, Philippe},
    editor = {R. Comba and G. Piccinni and G. Pinto},
    title = {Appunti per la storia di una minoranza : la popolazione tedesca di Venezia nel Medioevo},
    booktitle = {Strutture familiari, Epidemie, Migrazioni nell'Italia medievale},
    publisher = {Edizione Scientifiche},
    location = {Naples},
    year = 1984,
    pagetotal = {7},
    language = {italien},
    keywords = {collectif-crh, crh-1984}
    }

@incollection{Braunstein608-1984,
    author = {Braunstein, Philippe},
    editor = {F. Seibt and W. Eberhard},
    title = {Die französische Wirtschaft am Ende des Mittelalters : ein überblick},
    booktitle = {Europa 1400. Die Krise des Spätmittelalters},
    publisher = {Klett-Cotta},
    location = {Francfort},
    year = 1984,
    pagetotal = {10},
    language = {allemand},
    keywords = {collectif-crh, crh-1984}
    }

@incollection{Beck630-1984,
    author = {Beck-Bossard, Corinne},
    editor = {?},
    title = {Ostéologie et alimentation carnée},
    booktitle = {Matériaux pour l'histoire des cadres de vie dans l'Europe occidentale (1050-1250)},
    publisher = {Centre d'etudes médiévales},
    location = {Nice},
    year = 1984,
    pagetotal = {14},
    language = {français},
    keywords = {collectif-crh, crh-1984}
    }

@incollection{Bourdelais633-1984,
    author = {Bourdelais, Patrice},
    editor = {A. Farge and Ch. Klapisch},
    title = {Le démographe et la femme seule},
    booktitle = {Madame ou Mademoiselle ? Itinéraires de la solitude féminine, XVIIIe-XXe siècles},
    publisher = {Montalba},
    location = {Paris},
    year = 1984,
    pagetotal = {3},
    language = {français},
    keywords = {collectif-crh, crh-1984}
    }

@incollection{Burguiere718-1984,
    author = {Burguiere, André},
    editor = {J. Dupaquier},
    title = {Prénom et Parenté},
    booktitle = {Le prénom dans l'histoire},
    publisher = {},
    location = {Paris},
    year = 1984,
    pagetotal = {},
    language = {français},
    keywords = {collectif-crh, crh-1984}
    }

@incollection{Ferro723-1984,
    author = {Ferro, Marc},
    editor = {?},
    title = {Aux Etats-Unis, cinéma et conscience de l'Histoire},
    booktitle = {Film et Histoire},
    publisher = {EHESS},
    location = {Paris},
    year = 1984,
    pagetotal = {5},
    language = {français},
    keywords = {collectif-crh, crh-1984}
    }

@incollection{Dauphin745-1984,
    author = {Dauphin-Memeteau, Cécile},
    editor = {A. Farge and Ch. Klapisch},
    title = {Un excédent très ordinaire. L'exemple de Châtillon-sur-Seine en 1851},
    booktitle = {Madame ou Mademoiselle ? Itinéraires de la solitude féminine, XVIIIe-XXe siècles},
    publisher = {Montalba},
    location = {Paris},
    year = 1984,
    pagetotal = {20},
    language = {français},
    keywords = {collectif-crh, crh-1984}
    }

@incollection{Chartier793-1984,
    author = {Chartier, Roger},
    editor = {R. Chartier and H.- J. Martin},
    title = {Les pratiques urbaines de l'imprimé},
    booktitle = {Histoire de l'Edition Française},
    publisher = {Promodis},
    location = {Paris},
    year = 1984,
    pagetotal = {28},
    language = {français},
    keywords = {collectif-crh, crh-1984}
    }

@incollection{Chartier795-1984,
    author = {Chartier, Roger},
    editor = {S. Kaplan},
    title = {Culture as Appropriation. Popular Cultural Uses in Early Modern France},
    booktitle = {Understanding Popular Culture. Europe from the Middle Ages to the 19th Century},
    publisher = {Mouton-De Gruyter},
    location = {Paris-Berlin},
    year = 1984,
    pagetotal = {25},
    language = {anglais},
    keywords = {collectif-crh, crh-1984}
    }

@incollection{Chartier810-1984,
    author = {Chartier, Roger},
    editor = {R. Van Dulmen and N. Schindler},
    title = {Phantasie und Disziplin. Das Fest in Frankreich von 15bis 18 Jahrhundert},
    booktitle = {Volkskultur Zur Wiederentdeckung des vergessen Alltags (16-20 Jahrhundert)},
    publisher = {Fischer Taschenbuch Verlag},
    location = {Francfort},
    year = 1984,
    pagetotal = {24},
    language = {allemand},
    keywords = {collectif-crh, crh-1984}
    }

@incollection{Chartier824-1984,
    author = {Chartier, Roger},
    editor = {R. Chartier and H.- J. Martin},
    title = {Livres bleus et lectures populaires},
    booktitle = {Histoire de l'Edition Française},
    publisher = {Promodis},
    location = {Paris},
    year = 1984,
    pagetotal = {14},
    language = {français},
    keywords = {collectif-crh, crh-1984}
    }

@incollection{Farge869-1984,
    author = {Farge, Arlette},
    editor = {M. Perrot},
    title = {Pratiques et effets de l'histoire des femmes},
    booktitle = {Une histoire des femmes est-elle possible?},
    publisher = {Rivages},
    location = {Marseille},
    year = 1984,
    pagetotal = {18},
    language = {français},
    keywords = {collectif-crh, crh-1984}
    }

@incollection{Wachtel890-1984,
    author = {Wachtel, Nathan},
    editor = {?},
    title = {The Indian and the Spanisch Conquest},
    booktitle = {The Cambridge History of Latin America},
    publisher = {},
    location = {Cambridge},
    year = 1984,
    pagetotal = {},
    language = {anglais},
    keywords = {collectif-crh, crh-1984}
    }

@incollection{Bergeron2109-1984,
    author = {Bergeron, Louis},
    editor = {?},
    title = {Le patrimoine minier en France : conservation et recherche},
    booktitle = {Siderurgia e Miniere in Maremma tra '500 e '900},
    publisher = {},
    location = {Florence},
    year = 1984,
    pagetotal = {5},
    language = {français},
    keywords = {collectif-crh, crh-1984}
    }

@incollection{Braunstein2144-1984,
    author = {Braunstein, Philippe},
    editor = {?},
    title = {Mines et métallurgie en France à la fin du Moyen Age : perspectives d'ensemble et recherches bourguignonnes},
    booktitle = {Montanwirtschaft mitteleuropas vom 12. bis 17 Jahrhundert, Forschungsprobleme},
    publisher = {},
    location = {Bochum},
    year = 1984,
    pagetotal = {9},
    language = {français},
    keywords = {collectif-crh, crh-1984}
    }

@incollection{Farge2254-1984,
    author = {Farge, Arlette},
    editor = {A. Farge and Ch. Klapisch},
    title = {Les temps fragiles de la solitude des femmes à travers le discours médical du XVIIIe siècle},
    booktitle = {Madame ou Mademoiselle ? Itinéraires de la solitude féminine, XVIe-XXe siècles},
    publisher = {Montalba},
    location = {Paris},
    year = 1984,
    pagetotal = {12},
    language = {français},
    keywords = {collectif-crh, crh-1984}
    }

@incollection{Goubert2320-1984,
    author = {Goubert, Jean-Pierre},
    editor = {T. Bengtsson and G. Fridlizins and R. Ohlsson},
    title = {Public Hygiene and Mortality decline in France in the 19th century},
    booktitle = {Pre-industrial Population Change},
    publisher = {},
    location = {},
    year = 1984,
    pagetotal = {9},
    language = {anglais},
    keywords = {collectif-crh, crh-1984}
    }

@incollection{Gruzinski2333-1984,
    author = {Gruzinski, Serge},
    editor = {J.-M. Sallmann},
    title = {Il carisma degli uomini-dei nel Messico del periodo coloniale},
    booktitle = {Forma di potere e pratica del carisma},
    publisher = {},
    location = {},
    year = 1984,
    pagetotal = {17},
    language = {italien},
    keywords = {collectif-crh, crh-1984}
    }

@incollection{Ozouf2490-1984,
    author = {Ozouf, Mona and J. Ozouf},
    editor = {P.Nora},
    title = {Le tour de France par deux enfants, le petit livre rouge de la République},
    booktitle = {Les lieux de mémoire, I: la République},
    publisher = {Gallimard},
    location = {Paris},
    year = 1984,
    pagetotal = {},
    language = {français},
    keywords = {collectif-crh, crh-1984}
    }

@incollection{Revel2603-1984,
    author = {Revel, Jacques},
    editor = {M. Perrot},
    title = {Masculin/féminin : sur l'usage historiographique des rôles sexuels},
    booktitle = {Une histoire des femmes est-elle possible ?},
    publisher = {Rivages},
    location = {Marseille/Paris},
    year = 1984,
    pagetotal = {19},
    language = {français},
    keywords = {collectif-crh, crh-1984}
    }

@incollection{Valensi2682-1984,
    author = {Valensi, Lucette},
    editor = {M. Cartier},
    title = {L'idéologie du travail dans la littérature populaire d'Afrique du Nord},
    booktitle = {Le travail et ses représentations},
    publisher = {Archives contemporaines},
    location = {Paris},
    year = 1984,
    pagetotal = {38},
    language = {français},
    keywords = {collectif-crh, crh-1984}
    }

@incollection{Vincent2687-1984,
    author = {Vincent, Bernard},
    editor = {?},
    title = {Le tremblement de terre de Malaga de 1680},
    booktitle = {Tremblement de terre, histoire et archéologie},
    publisher = {},
    location = {Valbonn},
    year = 1984,
    pagetotal = {13},
    language = {français},
    keywords = {collectif-crh, crh-1984}
    }

@incollection{Wachtel2699-1984,
    author = {Wachtel, Nathan},
    editor = {M.Cartier},
    title = {La quadrature des dieux. Rites et travail chez les Chipayas},
    booktitle = {Le travail et ses représentations},
    publisher = {Editions des Archives contemporaines},
    location = {Paris},
    year = 1984,
    pagetotal = {44},
    language = {français},
    keywords = {collectif-crh, crh-1984}
    }

@incollection{Dauphin5644-1984,
    author = {Dauphin-Memeteau, Cécile},
    editor = {A.Farge and C.Klapisch},
    title = {Histoire d'un stéréotype: la vieille fille},
    booktitle = {Madame ou Mademoiselle? Itinéraires de la solitude féminine, XVIIIe-XXe siècles},
    publisher = {Montalba},
    location = {Paris},
    year = 1984,
    pagetotal = {25},
    language = {français},
    keywords = {collectif-crh, crh-1984}
    }

@incollection{Nora5743-1984,
    author = {Nora, Pierre},
    editor = {P.Nora},
    title = {Lavisse, instituteur national},
    booktitle = {Les Lieux de Mémoire, 1: La République},
    publisher = {Gallimard},
    location = {Paris},
    year = 1984,
    pagetotal = {},
    language = {français},
    keywords = {collectif-crh, crh-1984}
    }

@incollection{Nora5744-1984,
    author = {Nora, Pierre},
    editor = {P.Nora},
    title = {Le Dictionnaire de pédagogie de Ferdinand Buisson},
    booktitle = {Les Lieux de Mémoire, 1: La République},
    publisher = {Gallimard},
    location = {Paris},
    year = 1984,
    pagetotal = {},
    language = {français},
    keywords = {collectif-crh, crh-1984}
    }

@incollection{Nora5745-1984,
    author = {Nora, Pierre},
    editor = {P.Nora},
    title = {De la République à la Nation},
    booktitle = {Les Lieux de Mémoire, 1: La République},
    publisher = {Gallimard},
    location = {Paris},
    year = 1984,
    pagetotal = {},
    language = {français},
    keywords = {collectif-crh, crh-1984}
    }

@incollection{Fauve2261-1984,
    author = {Fauve-Chamoux, Antoinette},
    editor = {A. Fauve-Chamoux},
    title = {Introduction},
    booktitle = {Malthus hier et aujourd'hui, Actes du congrès international de démographie historique},
    publisher = {CNRS},
    location = {Paris},
    year = 1984,
    pagetotal = {10},
    language = {français},
    keywords = {intro-preface-crh, crh-1984}
    }

@article{Pezerat2516-1984,
    author = {Pezerat, Pierrette and C. Dauphin},
    title = {Introduction: Femmes au bureau},
    journal = {Pénélope},
    year = 1984,
    language = {français},
    keywords = {intro-journal-crh, crh-1984}
    }

@incollection{Daumard2209-1984,
    author = {Daumard, Adeline},
    editor = {},
    title = {Edition et préface de la thèse de Gérard Jacquemet},
    booktitle = {Belleville au XIXe siècle},
    publisher = {EHESS},
    location = {Paris},
    year = 1984,
    pagetotal = {},
    language = {français},
    keywords = {preface-book-crh, crh-1984}
    }

@incollection{LeGoff2445-1984,
    author = {Le Goff, Jacques},
    editor = {},
    title = {préface},
    booktitle = {La légende dorée. Le système narratif de Jacques de Voragine (1298},
    publisher = {Cerf},
    location = {Paris},
    year = 1984,
    pagetotal = {},
    language = {français},
    keywords = {preface-book-crh, crh-1984}
    }

@incollection{Peter2512-1984,
    author = {Peter, Jean-Pierre},
    editor = {},
    title = {Préface},
    booktitle = {Le Corps et l'Ame : la vie des religieuses au XIXe siècle},
    publisher = {},
    location = {Paris},
    year = 1984,
    pagetotal = {10},
    language = {français},
    keywords = {preface-book-crh, crh-1984}
    }

@incollection{Reberioux2587-1984,
    author = {Reberioux, Madeleine},
    editor = {},
    title = {préface},
    booktitle = {Longwy, immigrés et prolétaires},
    publisher = {PUF},
    location = {Paris},
    year = 1984,
    pagetotal = {},
    language = {français},
    keywords = {preface-book-crh, crh-1984}
    }

@incollection{Reberioux2588-1984,
    author = {Reberioux, Madeleine},
    editor = {},
    title = {préface},
    booktitle = {Voyage aux forges d'Hennebont, 1860-1945},
    publisher = {La Digitale},
    location = {},
    year = 1984,
    pagetotal = {},
    language = {français},
    keywords = {preface-book-crh, crh-1984}
    }

@incollection{Reberioux2589-1984,
    author = {Reberioux, Madeleine},
    editor = {},
    title = {préface},
    booktitle = {Diderot et l'Art, catalogue de l'exposition de Boucher à David},
    publisher = {Réunion des Musées nationaux},
    location = {Paris},
    year = 1984,
    pagetotal = {},
    language = {français},
    keywords = {preface-book-crh, crh-1984}
    }

@book{Beutler2118-1984,
    author = {Beutler, Corinne},
    title = {La Physiocratie à l'aube de la Révolution, 1781-1792},
    publisher = {EHESS},
    series = {},
    location = {Paris},
    year = 1984,
    pagetotal = {},
    language = {français},
    % addendum = {introduction, bibliographie et révision des textes de Georges Weulersse, La Physiocratie à l'aube de la Révolution, 1781-1792},
    keywords = {edition-txt-crh, crh-1984}
    }

@book{Pomian2557-1984,
    author = {Pomian, Krzysztof and J. REVEL},
    title = {Les mesures et les hommes},
    publisher = {MSH},
    series = {},
    location = {Paris},
    year = 1984,
    pagetotal = {},
    language = {français},
    % addendum = {Les mesures et les hommes},
    keywords = {edition-txt-crh, crh-1984}
    }

@book{Scherrer2615-1984,
    author = {Scherrer, Jutta},
    title = {Histoire de la pensée sociale russe},
    publisher = {Institut national d'etudes slaves},
    series = {},
    location = {Paris},
    year = 1984,
    pagetotal = {32},
    language = {français},
    % addendum = {introduction: Le Marxisme cette algèbre de la révolution…},
    keywords = {edition-txt-crh, crh-1984}
    }

@book{Flandrin2277-1984,
    author = {Flandrin, Jean-Louis},
    editor = {},
    title = {Familles},
    publisher = {Seuil},
    series = {},
    location = {Paris},
    year = 1984,
    pagetotal = {},
    language = {français},
    addendum = {réédition},
    keywords = {reedition-crh, crh-1984}
    }

@book{Julia2391-1984,
    author = {Julia, Dominique and M.-M. Compère},
    editor = {},
    title = {Les collèges français XVIe-XVIIIe siècles. Répertoire},
    publisher = {CNRS et Service des Publications de l'INRP},
    series = {},
    location = {Paris},
    year = 1984,
    pagetotal = {},
    language = {français},
    keywords = {outil-recherche-crh, crh-1984}
    }

@book{LeMee2456-1984,
    author = {Le Mee, René},
    editor = {},
    title = {Bibliographie Internationale de la Démographie Historique 1984},
    publisher = {Société de Démographie Historique},
    series = {Union internationale pour l'Etude Scientifique de la Population},
    location = {Paris},
    year = 1984,
    pagetotal = {},
    language = {français},
    keywords = {outil-recherche-crh, crh-1984}
    }

@thesis{Berlioz2113-1984,
    author = {Berlioz, Jacques},
    title = {Edition critique du 'Tractatus de diversis materiis predicabilibus' du dominicain Etienne de Bourbon (+ vers 1261), troisième partie, 'De dono scientie'},
    institution = {},
    location = {Paris},
    year = 1984,
    pagetotal = {},
    language = {français},
    keywords = {theses-crh, crh-1984}
    }

