@article{Courbin829-1985,
    author = {Courbin, Paul},
    title = {Quelques importations rares à Ras el Bassit},
    journal = {Revista do museu Paulista},
    year = 1985,
    language = {français},
    keywords = {art-crh, crh-1985}
    }

@article{Alexandre2073-1985,
    author = {Alexandre-Bidon, Danièle and M. Closson},
    title = {L'enfant à l'ombre des cathédrales},
    journal = {Résonance},
    year = 1985,
    language = {français},
    keywords = {art-crh, crh-1985}
    }

@article{Andreau2081-1985,
    author = {Andreau, Jean},
    title = {Modernité économique et statut des manieurs d'argent},
    journal = {Mélanges de l'Ecole Française de Rome},
    year = 1985,
    language = {français},
    keywords = {art-crh, crh-1985}
    }

@article{Andreau2083-1985,
    author = {Andreau, Jean},
    title = {Enrichissement et hiérarchies sociales : l'exemple des manieurs d'argent},
    journal = {Index},
    year = 1985,
    language = {français},
    keywords = {art-crh, crh-1985}
    }

@article{Aymard2094-1985,
    author = {Aymard, Maurice},
    title = {L'approvisionnement des villes de la Méditerranée occidentale (XVIe-XVIIIe siècles)},
    journal = {Flaran},
    year = 1985,
    language = {français},
    keywords = {art-crh, crh-1985}
    }

@article{Bardet2099-1985,
    author = {Bardet, Jean-Pierre},
    title = {La micro-informatique et le démographe},
    journal = {Le Médiéviste et l'ordinateur},
    year = 1985,
    language = {français},
    keywords = {art-crh, crh-1985}
    }

@article{Baulant2100-1985,
    author = {Baulant, Micheline},
    title = {La femme de Brie de 1650 à 1750},
    journal = {Pénélope},
    year = 1985,
    language = {français},
    keywords = {art-crh, crh-1985}
    }

@article{Baulant2102-1985,
    author = {Baulant, Micheline},
    title = {La Calabre de père en fils. Un siècle de la vie d'une ferme briarde, 1655-1761},
    journal = {Annales E.S.C.},
    year = 1985,
    language = {français},
    keywords = {art-crh, crh-1985}
    }

@article{Benoit2105-1985,
    author = {Benoit, Serge},
    title = {Le rôle de l'énergie hydraulique dans l'industrialisation de la France au XIXe siècle : l'exemple du département de l'Eure},
    journal = {L'Archéologie Industrielle en France},
    year = 1985,
    language = {français},
    keywords = {art-crh, crh-1985}
    }

@article{Bonnain2127-1985,
    author = {Bonnain, Rolande},
    title = {Les fonctions non-économiques des foires et des marchés français},
    journal = {Revue d'Ethnozoologie},
    year = 1985,
    language = {français},
    keywords = {art-crh, crh-1985}
    }

@article{Beck2128-1985,
    author = {Beck-Bossard, Corinne},
    title = {Animal et vie quotidienne en France et en Italie d'après les vestiges ostéologiques (XIe-XVe siècles)},
    journal = {Annales du Midi},
    year = 1985,
    language = {français},
    keywords = {art-crh, crh-1985}
    }

@article{Braunstein2146-1985,
    author = {Braunstein, Philippe},
    title = {L'honneur perdu de Fiorenza dalla Croce},
    journal = {Annales E.S.C.},
    year = 1985,
    language = {français},
    keywords = {art-crh, crh-1985}
    }

@article{Braunstein2147-1985,
    author = {Braunstein, Philippe},
    title = {Ces routes qui ont fait l'Europe},
    journal = {L'Histoire},
    year = 1985,
    language = {français},
    keywords = {art-crh, crh-1985}
    }

@article{Chartier2179-1985,
    author = {Chartier, Roger},
    title = {Ist eine Geschichte des Lesens möglich ? Von Buch zum Lesen : einige Hypothesen},
    journal = {Lili. Zeitschrift für Literaturwissenschaft und Linguistik},
    year = 1985,
    language = {allemand},
    keywords = {art-crh, crh-1985}
    }

@article{Chartier2180-1985,
    author = {Chartier, Roger},
    title = {Text, Symbols and Frenchness},
    journal = {Journal of Modern History},
    year = 1985,
    language = {anglais},
    keywords = {art-crh, crh-1985}
    }

@article{Chartier2184-1985,
    author = {Chartier, Roger and P. Bourdieu and R. Darnton},
    title = {Dialogue à propos de l'histoire culturelle},
    journal = {Actes de la recherche en sciences sociales},
    year = 1985,
    language = {français},
    keywords = {art-crh, crh-1985}
    }

@article{Chaussinand2193-1985,
    author = {Chaussinand-Nogaret, Guy},
    title = {L'identité nationale et le problème des élites : La France du 18e siècle},
    journal = {Commentaire},
    year = 1985,
    language = {français},
    keywords = {art-crh, crh-1985}
    }

@article{Courbin2194-1985,
    author = {Courbin, Paul},
    title = {Ras al-Bassit},
    journal = {Archiv für Orientforschung},
    year = 1985,
    language = {français},
    keywords = {art-crh, crh-1985}
    }

@article{Daumard2206-1985,
    author = {Daumard, Adeline},
    title = {A la recherche de la bourgeoisie française au XXe siècle},
    journal = {Bulletin du Comité des travaux historiques et scientifiques},
    year = 1985,
    language = {français},
    keywords = {art-crh, crh-1985}
    }

@article{Daumard2208-1985,
    author = {Daumard, Adeline},
    title = {L'histoire sociale comparative et quantitative de l'époque contemporaine},
    journal = {Recherches et travaux de l'Institut d'Histoire économique et sociale de l'Université de Paris I},
    year = 1985,
    language = {français},
    keywords = {art-crh, crh-1985}
    }

@article{Debert2213-1985,
    author = {Debert, Aline},
    title = {Biobibliographie de Gabriel Henriot},
    journal = {Bulletin d'information de l'A.D.E.B.D.},
    year = 1985,
    language = {français},
    keywords = {art-crh, crh-1985}
    }

@article{Desaive2217-1985,
    author = {Desaive, Jean-Paul},
    title = {A propos des Roncelin : lettre d'un père à son fils ou la généalogie traitée comme une enquête},
    journal = {Bulletin de liaison de la Société généalogique de l'Yonne (Revue des Sciences de l'Histoire du département de l'Yonne},
    year = 1985,
    language = {français},
    keywords = {art-crh, crh-1985}
    }

@article{Desaive2218-1985,
    author = {Desaive, Jean-Paul and R. and S. Pelissier and L. Saulnier},
    title = {Peintures médiévales de Moutiers},
    journal = {Archeologia},
    year = 1985,
    language = {français},
    keywords = {art-crh, crh-1985}
    }

@article{Ducreux2226-1985,
    author = {Ducreux, Marie-Elisabeth},
    title = {Counter-Reformation and early Czech 'Kancionaly', in the Kingdom of Bohemia, 1588-1683},
    journal = {Slovakia},
    year = 1985,
    language = {anglais},
    keywords = {art-crh, crh-1985}
    }

@article{Dupaquier2231-1985,
    author = {Dupaquier, Jacques},
    title = {En quoi la démographie historique nous aide-t-elle à comprendre les faits démographiques d'aujourd'hui ?},
    journal = {Population et famille},
    year = 1985,
    language = {français},
    keywords = {art-crh, crh-1985}
    }

@article{Dupaquier2234-1985,
    author = {Dupaquier, Jacques},
    title = {L'amour dans le Vexin au XVIIIe siècle,},
    journal = {Mémoires de La Société historique et archéologique de Pontoise, du Val d'Oise et du Vexin},
    year = 1985,
    language = {français},
    keywords = {art-crh, crh-1985}
    }

@article{Dupaquier2241-1985,
    author = {Dupaquier, Jacques},
    title = {Liebniz et la table de mortalité},
    journal = {Annales E.S.C.},
    year = 1985,
    language = {français},
    keywords = {art-crh, crh-1985}
    }

@article{Dupaquier2243-1985,
    author = {Dupaquier, Jacques},
    title = {L'implexe géographique},
    journal = {Gé-Magazine},
    year = 1985,
    language = {français},
    keywords = {art-crh, crh-1985}
    }

@article{Dupaquier2244-1985,
    author = {Dupaquier, Jacques},
    title = {Providence et probabilité},
    journal = {Revue de Synthèse},
    year = 1985,
    language = {français},
    keywords = {art-crh, crh-1985}
    }

@article{Dupaquier2245-1985,
    author = {Dupaquier, Jacques},
    title = {Histoire des recensements},
    journal = {Revue française d'administration publique},
    year = 1985,
    language = {français},
    keywords = {art-crh, crh-1985}
    }

@article{Dupaquier2246-1985,
    author = {Dupaquier, Jacques},
    title = {Le rapport de Jean de Witt sur la valeur des rentes viagères},
    journal = {Annales de démogaphie historique},
    year = 1985,
    language = {français},
    keywords = {art-crh, crh-1985}
    }

@article{Fauve2263-1985,
    author = {Fauve-Chamoux, Antoinette},
    title = {Innovation et comportement parental en milieu urbain (XV-XIXe siècles)},
    journal = {Annales E.S.C.},
    year = 1985,
    language = {français},
    keywords = {art-crh, crh-1985}
    }

@article{Ferro2273-1985,
    author = {Ferro, Marc},
    title = {Y-a-t-il 'trop de démocratie' en URSS ?},
    journal = {Annales E.S.C.},
    year = 1985,
    language = {français},
    keywords = {art-crh, crh-1985}
    }

@article{Froeschle2291-1985,
    author = {Froeschle-Chopard, Marie-Hélène},
    title = {Lieux du culte et peuple des saints, enquête en cours},
    journal = {Revue d'Histoire de l'Eglise de France},
    year = 1985,
    language = {français},
    keywords = {art-crh, crh-1985}
    }

@article{Fridenson2298-1985,
    author = {Fridenson, Patrick},
    title = {Les soeurs aînées de la 205 Peugeot},
    journal = {L'Histoire},
    year = 1985,
    language = {français},
    keywords = {art-crh, crh-1985}
    }

@article{Fridenson2299-1985,
    author = {Fridenson, Patrick},
    title = {Pour une histoire de l'usine de Flins},
    journal = {De Renault Frères à Renault Régie Nationale},
    year = 1985,
    language = {français},
    keywords = {art-crh, crh-1985}
    }

@article{Goubert2322-1985,
    author = {Goubert, Jean-Pierre},
    title = {L'eau et l'expertise sanitaire dans la France du XIXe siècle},
    journal = {Sciences Sociales et Santé},
    year = 1985,
    language = {français},
    keywords = {art-crh, crh-1985}
    }

@article{Halevi2354-1985,
    author = {Halevi, Ran-Yedid},
    title = {Sur les origines lointaines des lumières},
    journal = {Annales E.S.C.},
    year = 1985,
    language = {français},
    keywords = {art-crh, crh-1985}
    }

@article{Hocquet2368-1985,
    author = {Hocquet, Jean-Claude},
    title = {Le pain, le vin et la juste mesure à la table des moines carolingiens},
    journal = {Annales E.S.C.},
    year = 1985,
    language = {français},
    keywords = {art-crh, crh-1985}
    }

@article{Hocquet2369-1985,
    author = {Hocquet, Jean-Claude},
    title = {The history of a food product. Salt, in Europe. A bibliographical review},
    journal = {Food and Foodways},
    year = 1985,
    language = {anglais},
    keywords = {art-crh, crh-1985}
    }

@article{Jeannin2375-1985,
    author = {Jeannin, Pierre},
    title = {Das Handbuch in der Berufsausbildung des hansischen Kaufmanns},
    journal = {Hansische Geschichtsblätter},
    year = 1985,
    language = {allemand},
    keywords = {art-crh, crh-1985}
    }

@article{Jouhaud2383-1985,
    author = {Jouhaud, Christian},
    title = {La mystique comme figure de l'histoire. A propos du livre de M. de Certeau, La Fable mystique},
    journal = {XVIIe siècle},
    year = 1985,
    language = {français},
    keywords = {art-crh, crh-1985}
    }

@article{Klapisch2418-1985,
    author = {Klapisch-Zuber, Christiane},
    title = {Compérage et clientélisme à Florence (1360-1520)},
    journal = {Ricerche storiche},
    year = 1985,
    language = {français},
    keywords = {art-crh, crh-1985}
    }

@article{Klapisch2420-1985,
    author = {Klapisch-Zuber, Christiane},
    title = {The naming function of godparents in medieval France, England and Italy},
    journal = {Medieval prosopography},
    year = 1985,
    language = {anglais},
    keywords = {art-crh, crh-1985}
    }

@article{LeGoff2434-1985,
    author = {Le Goff, Jacques},
    title = {Le Moyen Age entre le Futur et l'Avenir},
    journal = {XXe siècle},
    year = 1985,
    language = {français},
    keywords = {art-crh, crh-1985}
    }

@article{LeGoff2438-1985,
    author = {Le Goff, Jacques},
    title = {Le Prince idéal d'après les 'miroir des Princes' dans la France de Saint Louis, 1226-1270},
    journal = {L'Histoire},
    year = 1985,
    language = {français},
    keywords = {art-crh, crh-1985}
    }

@article{Lemay2454-1985,
    author = {Lemay, Edna},
    title = {Avignon et le Comtat Venaissin en 1791 : Un débat révélateur à l'Assemblée Constituante},
    journal = {Etudes sur l'Hérault, Nouvelle série},
    year = 1985,
    language = {français},
    keywords = {art-crh, crh-1985}
    }

@article{Lepetit2465-1985,
    author = {Lepetit, Bernard},
    title = {Les villes et la diffusion de l'innovation en Europe occidentale, XVe-XXe siècles. Innovation et culture urbaine},
    journal = {MSH Information},
    year = 1985,
    language = {français},
    keywords = {art-crh, crh-1985}
    }

@article{Nahoum2480-1985,
    author = {Nahoum-Grappe, Véronique},
    title = {Le discours analogique a-t-il une histoire ? France, XVIe-XIXe siècles},
    journal = {Industria delle Bevande},
    year = 1985,
    language = {français},
    keywords = {art-crh, crh-1985}
    }

@article{Nahoum2481-1985,
    author = {Nahoum-Grappe, Véronique},
    title = {L'histoire longue de l'ivresse},
    journal = {Sociologie},
    year = 1985,
    language = {français},
    keywords = {art-crh, crh-1985}
    }

@article{Ormieres2483-1985,
    author = {Ormieres, Jean-Louis},
    title = {Politique et religion dans l'Ouest},
    journal = {Annales E.S.C.},
    year = 1985,
    language = {français},
    keywords = {art-crh, crh-1985}
    }

@article{Pasquet2495-1985,
    author = {Pasquet, Yvonne},
    title = {La fête de la vieillesse pendant la Révolution de 1789},
    journal = {Pénélope},
    year = 1985,
    language = {français},
    keywords = {art-crh, crh-1985}
    }

@article{Pasquet2496-1985,
    author = {Pasquet, Yvonne},
    title = {Vieillir seule à la campagne},
    journal = {Pénélope},
    year = 1985,
    language = {français},
    keywords = {art-crh, crh-1985}
    }

@article{Pelus2502-1985,
    author = {Pelus, Marie-Louise},
    title = {Eine Hansestadt im Planetensystem des Sonnenkönigs : der Handel mit Frankreich und seine Bedeutung für die lübeckische Wirtschaft in der Epoche Ludwigs XIV},
    journal = {Zeitschrift des Vereins für Lübeckische Geschichte und Altertumskunde},
    year = 1985,
    language = {allemand},
    keywords = {art-crh, crh-1985}
    }

@article{Perrot2510-1985,
    author = {Perrot, Jean-Claude},
    title = {Aléas d'une innovation, les banques foncières au XVIIIe siècle},
    journal = {Cahiers de l'ISMEA},
    year = 1985,
    language = {français},
    keywords = {art-crh, crh-1985}
    }

@article{Peter2513-1985,
    author = {Peter, Jean-Pierre},
    title = {Un jeune homme bien habillé - essai d'analyse sur un énoncé élémentaire de scandale},
    journal = {Café-Librairie},
    year = 1985,
    language = {français},
    keywords = {art-crh, crh-1985}
    }

@article{Peter2514-1985,
    author = {Peter, Jean-Pierre},
    title = {Feydeau à corps et à cris - statut du corps dans le théâtre de Feydeau},
    journal = {Comédie Française},
    year = 1985,
    language = {français},
    keywords = {art-crh, crh-1985}
    }

@article{Pezerat2517-1985,
    author = {Pezerat, Pierrette and D. Poublan},
    title = {French telephone operators past and present : the ambiguities of progress},
    journal = {Oral History},
    year = 1985,
    language = {anglais},
    keywords = {art-crh, crh-1985}
    }

@article{Podselver2523-1985,
    author = {Podselver, Laurence},
    title = {La femme dans le judaïsme},
    journal = {Terre des Femmes},
    year = 1985,
    language = {français},
    keywords = {art-crh, crh-1985}
    }

@article{Pomian2559-1985,
    author = {Pomian, Krzysztof},
    title = {Histoire et connaissance},
    journal = {Le Genre humain},
    year = 1985,
    language = {français},
    keywords = {art-crh, crh-1985}
    }

@article{Pomian2560-1985,
    author = {Pomian, Krzysztof},
    title = {Le marxisme réel dans les pays de l'Europe centrale},
    journal = {Intervention},
    year = 1985,
    language = {français},
    keywords = {art-crh, crh-1985}
    }

@article{Pomian2561-1985,
    author = {Pomian, Krzysztof and J. Milewski and J. Zielonka},
    title = {Poland : four years after},
    journal = {Foreign Affairs},
    year = 1985,
    language = {anglais},
    keywords = {art-crh, crh-1985}
    }

@article{Pomian2562-1985,
    author = {Pomian, Krzysztof},
    title = {Czas Lebensteina},
    journal = {Kultura},
    year = 1985,
    language = {polonais},
    keywords = {art-crh, crh-1985}
    }

@article{Poublan2569-1985,
    author = {Poublan, Danièle and P. Pézerat},
    title = {French telephone operators past and present : the ambiguities of progress},
    journal = {Oral History},
    year = 1985,
    language = {anglais},
    keywords = {art-crh, crh-1985}
    }

@article{Reberioux2591-1985,
    author = {Reberioux, Madeleine},
    title = {La carte postale de grève : propos sur une collection et une exposition},
    journal = {Le Mouvement Social},
    year = 1985,
    language = {français},
    keywords = {art-crh, crh-1985}
    }

@article{Reberioux2595-1985,
    author = {Reberioux, Madeleine},
    title = {Hugo, l'homme de la Sociale},
    journal = {Politique Aujourd'hui},
    year = 1985,
    language = {français},
    keywords = {art-crh, crh-1985}
    }

@article{Schmitt2636-1985,
    author = {Schmitt, Jean-Claude and A. Farge and M. Perrot},
    title = {Adolescences : un pluriel à l'étude des historiens},
    journal = {Adolescence},
    year = 1985,
    language = {français},
    keywords = {art-crh, crh-1985}
    }

@article{Schmitt2638-1985,
    author = {Schmitt, Jean-Claude},
    title = {L'autobiographie rêvée},
    journal = {Problèmes et méthodes de la biographie, Sources, Travaux historiques},
    year = 1985,
    language = {français},
    keywords = {art-crh, crh-1985}
    }

@article{Schmitt2641-1985,
    author = {Schmitt, Jean-Claude},
    title = {Vidéodisque : des images par milliers pour l'historien},
    journal = {L'Histoire},
    year = 1985,
    language = {français},
    keywords = {art-crh, crh-1985}
    }

@article{Schmitt2642-1985,
    author = {Schmitt, Jean-Claude},
    title = {Le vidéodisque et la Bibliothèque Sainte-Geneviève : le point de vue de l'utilisateur},
    journal = {Brises},
    year = 1985,
    language = {français},
    keywords = {art-crh, crh-1985}
    }

@article{Schnapper2653-1985,
    author = {Schnapper, Dominique},
    title = {Comment éduquer les enfants de migrants},
    journal = {Commentaire},
    year = 1985,
    language = {français},
    keywords = {art-crh, crh-1985}
    }

@article{Sigaut2665-1985,
    author = {Sigaut, François},
    title = {Moisson et fenaison},
    journal = {Nouvelles de l'Archéologie},
    year = 1985,
    language = {français},
    keywords = {art-crh, crh-1985}
    }

@article{Sigaut2666-1985,
    author = {Sigaut, François},
    title = {Ethnoscience et Technologie : les tâches de la Technologie. Un exemple, l'identification des formes de consommation des céréales},
    journal = {Techniques et Culture},
    year = 1985,
    language = {français},
    keywords = {art-crh, crh-1985}
    }

@article{Tenenti2676-1985,
    author = {Tenenti, Alberto},
    title = {Les échanges artistiques entre l'Europe et les autres mondes dans le domaine de l'architecture et de l'urbanisme},
    journal = {Annals de la 3era Universidad d'Estiu},
    year = 1985,
    language = {français},
    keywords = {art-crh, crh-1985}
    }

@article{Benoit2769-1985,
    author = {Benoit, Serge},
    title = {Un aperçu sur les recherches étrangères en histoire de l'électricité à travers un colloque récent},
    journal = {Bulletin d'Histoire de l'Electricité},
    year = 1985,
    language = {français},
    keywords = {art-crh, crh-1985}
    }

@article{Froeschle3075-1985,
    author = {Froeschle-Chopard, Marie-Hélène},
    title = {La cour céleste des retables de Provence orientale au XVIe siècle},
    journal = {Le peuple des saints, Mémoires de l'académie de Vaucluse},
    year = 1985,
    language = {français},
    keywords = {art-crh, crh-1985}
    }

@book{Alexandre2074-1985,
    author = {Alexandre-Bidon, Danièle and M. Closson},
    title = {L'Enfant à l'ombre des cathédrales},
    publisher = {CNRS et PUL},
    series = {},
    location = {Lyon},
    year = 1985,
    pagetotal = {276},
    language = {français},
    keywords = {book-crh, crh-1985}
    }

@book{Chartier2175-1985,
    author = {Chartier, Roger},
    title = {Figure della furfanteria. Marginalità e cultura popolare in Francia tra Cinque e Seicento},
    publisher = {Istituto della Enciclopedia Italiana},
    series = {},
    location = {Rome},
    year = 1985,
    pagetotal = {},
    language = {italien},
    keywords = {book-crh, crh-1985}
    }

@book{Chaussinand2192-1985,
    author = {Chaussinand-Nogaret, Guy},
    title = {Madame Roland},
    publisher = {Seuil},
    series = {},
    location = {Paris},
    year = 1985,
    pagetotal = {},
    language = {français},
    keywords = {book-crh, crh-1985}
    }

@book{Daumard2211-1985,
    author = {Daumard, Adeline},
    title = {Hierarquia e Riqueza na Sociedade Burguera},
    publisher = {},
    series = {},
    location = {Saö Paulo},
    year = 1985,
    pagetotal = {},
    language = {portugais},
    keywords = {book-crh, crh-1985}
    }

@book{Descimon2225-1985,
    author = {Descimon, Robert and Elie Barnavi},
    title = {La Sainte Ligue, le juge et la potence. L'assassinat du Président Brisson (15 novembre 1591)},
    publisher = {Hachette},
    series = {},
    location = {Paris},
    year = 1985,
    pagetotal = {},
    language = {français},
    keywords = {book-crh, crh-1985}
    }

@book{Dupaquier2240-1985,
    author = {Dupaquier, Jacques and Michel Dupâquier},
    title = {Histoire de la démographie},
    publisher = {},
    series = {collection Pour l'histoire},
    location = {Paris},
    year = 1985,
    pagetotal = {},
    language = {français},
    keywords = {book-crh, crh-1985}
    }

@book{Ferro2272-1985,
    author = {Ferro, Marc},
    title = {L'Histoire sous surveillance},
    publisher = {Calmann-Lévy},
    series = {},
    location = {Paris},
    year = 1985,
    pagetotal = {},
    language = {français},
    keywords = {book-crh, crh-1985}
    }

@book{Goubert2323-1985,
    author = {Goubert, Jean-Pierre},
    title = {La conquête de l'eau. L'avènement de la santé à l'âge industriel},
    publisher = {Ed. Robert Laffont},
    series = {},
    location = {Paris},
    year = 1985,
    pagetotal = {},
    language = {français},
    keywords = {book-crh, crh-1985}
    }

@book{Hocquet2366-1985,
    author = {Hocquet, Jean-Claude},
    title = {Le sel et le pouvoir. De l'An Mil à la Révolution française},
    publisher = {},
    series = {},
    location = {Paris},
    year = 1985,
    pagetotal = {},
    language = {français},
    keywords = {book-crh, crh-1985}
    }

@book{Jouhaud2384-1985,
    author = {Jouhaud, Christian},
    title = {Mazarinades : la Fronde des mots},
    publisher = {Ed. Aubier},
    series = {},
    location = {Paris},
    year = 1985,
    pagetotal = {},
    language = {français},
    keywords = {book-crh, crh-1985}
    }

@book{Julliard2403-1985,
    author = {Julliard, Jacques},
    title = {La faute à Rousseau},
    publisher = {Seuil},
    series = {},
    location = {Paris},
    year = 1985,
    pagetotal = {},
    language = {français},
    keywords = {book-crh, crh-1985}
    }

@book{Klapisch2415-1985,
    author = {Klapisch-Zuber, Christiane},
    title = {Women, Family and Ritual in Renaissance Italy},
    publisher = {},
    series = {},
    location = {The University of Chicago Press},
    year = 1985,
    pagetotal = {},
    language = {anglais},
    keywords = {book-crh, crh-1985}
    }

@book{Klapisch2416-1985,
    author = {Klapisch-Zuber, Christiane and D. Herlihy},
    title = {Tuscans and their Families. A. Study of the Florentine Catasto of 1427},
    publisher = {Yale University Press},
    series = {},
    location = {New Haven, Connecticut},
    year = 1985,
    pagetotal = {},
    language = {anglais},
    keywords = {book-crh, crh-1985}
    }

@book{LeGoff2439-1985,
    author = {Le Goff, Jacques},
    title = {L'imaginaire médiéval},
    publisher = {Gallimard},
    series = {},
    location = {Paris},
    year = 1985,
    pagetotal = {},
    language = {français},
    keywords = {book-crh, crh-1985}
    }

@book{LeGoff2440-1985,
    author = {Le Goff, Jacques},
    title = {Les Intellectuels au Moyen Age (rééd.)},
    publisher = {Seuil},
    series = {},
    location = {Paris},
    year = 1985,
    pagetotal = {},
    language = {français},
    keywords = {book-crh, crh-1985}
    }

@book{Mouradian2473-1985,
    author = {Mouradian, Claire},
    title = {L'U.R.S.S. depuis 1945},
    publisher = {La Documentation Française},
    series = {},
    location = {Paris},
    year = 1985,
    pagetotal = {},
    language = {français},
    keywords = {book-crh, crh-1985}
    }

@book{Pomian2564-1985,
    author = {Pomian, Krzysztof},
    title = {Wymiary polskiego konfliktu 1956-1981},
    publisher = {Aneks},
    series = {},
    location = {Londres},
    year = 1985,
    pagetotal = {},
    language = {polonais},
    keywords = {book-crh, crh-1985}
    }

@book{Schmitt2640-1985,
    author = {Schmitt, Jean-Claude},
    title = {Den heliga vinthunden. Sankt Guinefort, helgon et hund},
    publisher = {Författarförlaget},
    series = {},
    location = {Malmo},
    year = 1985,
    pagetotal = {},
    language = {suédois},
    keywords = {book-crh, crh-1985}
    }

@book{Tenenti2678-1985,
    author = {Tenenti, Alberto},
    title = {Formacion del mundo moderno},
    publisher = {Editorial Critica},
    series = {},
    location = {Barcelone},
    year = 1985,
    pagetotal = {},
    language = {italien},
    keywords = {book-crh, crh-1985}
    }

@book{Tenenti2679-1985,
    author = {Tenenti, Alberto and B.Tenenti},
    title = {Il prezzo del rischio. L'assicurazione mediterranea vista da Ragusa (1563-1591)},
    publisher = {Jouvence},
    series = {},
    location = {Rome},
    year = 1985,
    pagetotal = {},
    language = {italien},
    keywords = {book-crh, crh-1985}
    }

@book{Vincent2688-1985,
    author = {Vincent, Bernard},
    title = {Andalucia en la edad moderna},
    publisher = {},
    series = {},
    location = {Grenade},
    year = 1985,
    pagetotal = {},
    language = {espagnol},
    keywords = {book-crh, crh-1985}
    }

@inproceedings{Jouhaud233-1985,
    author = {Jouhaud, Christian and R. Descimon},
    editor = {J. Nicolas},
    title = {De Paris à Bordeaux : pour qui court le peuple pendant la Fronde (1652) ?},
    booktitle = {Mouvements populaires et conscience sociale, Colloque de l'université ParisVII-CNRS, Paris 1984},
    publisher = {Maloine},
    location = {Paris},
    year = 1985,
    pagetotal = {12},
    language = {français},
    keywords = {inproceedings-crh, crh-1985}
    }

@inproceedings{Hocquet256-1985,
    author = {Hocquet, Jean-Claude},
    editor = {},
    title = {A la jonction du commerce maritime et des trafics terrestres, les mesures de Venise : muid, setier, minot},
    booktitle = {Aspects of historical metrology- Sources and interpretation, XVIIth congress of the international Union of the history and philosophy of science},
    publisher = {},
    location = {Berkeley},
    year = 1985,
    pagetotal = {},
    language = {français},
    keywords = {inproceedings-crh, crh-1985}
    }

@inproceedings{Hocquet267-1985,
    author = {Hocquet, Jean-Claude},
    editor = {},
    title = {Structures métrologiques et développement des anciens systèmes de mesure : le commerce et les transports},
    booktitle = {XVIe Congrès international des Sciences Historiques de Stuttgart},
    publisher = {},
    location = {Stuttgart},
    year = 1985,
    pagetotal = {},
    language = {français},
    keywords = {inproceedings-crh, crh-1985}
    }

@inproceedings{Klapisch295-1985,
    author = {Klapisch-Zuber, Christiane},
    editor = {},
    title = {Rituels publics et pouvoir d'Etat},
    booktitle = {Culture et idéologie dans la genèse de l'Etat moderne, Actes de la table ronde organisée par le CNRS et l'Ecole française de Rome, 1984},
    publisher = {Collection de l'Ecole française de Rome},
    location = {Rome},
    year = 1985,
    pagetotal = {10},
    language = {français},
    keywords = {inproceedings-crh, crh-1985}
    }

@inproceedings{Fridenson329-1985,
    author = {Fridenson, Patrick},
    editor = {},
    title = {The transfer of automotive technology from France to Japan in the 1950 s.},
    booktitle = {International Congress of History of Science},
    publisher = {Office for history of science and technology},
    location = {Berkeley},
    year = 1985,
    pagetotal = {},
    language = {anglais},
    keywords = {inproceedings-crh, crh-1985}
    }

@inproceedings{Fridenson338-1985,
    author = {Fridenson, Patrick},
    editor = {},
    title = {The economic and social effects of motor vehicles in France since 1890},
    booktitle = {XVIe Congrès international des Sciences Historiques},
    publisher = {Comité International des Sciences économiques},
    location = {Stuttgart},
    year = 1985,
    pagetotal = {2},
    language = {anglais},
    keywords = {inproceedings-crh, crh-1985}
    }

@inproceedings{Triantafyllidou339-1985,
    author = {Triantafyllidou-Baladie, Yolande},
    editor = {},
    title = {Transports maritimes et concurrences en Méditerranée orientale au XVIIIe siècle : l'exemple de la Crète},
    booktitle = {Actes du IIe Colloque international d'Histoire, Athènes 1985},
    publisher = {},
    location = {Athènes},
    year = 1985,
    pagetotal = {17},
    language = {anglais},
    keywords = {inproceedings-crh, crh-1985}
    }

@inproceedings{Grinberg372-1985,
    author = {Grinberg, Martine},
    editor = {},
    title = {Hommes sauvages, cornards et travestis : femmes absentes ?},
    booktitle = {Le carnaval, la fête et la communication, Actes des rencontres internationales de Nice, 8-10 mars 1984},
    publisher = {},
    location = {Nice},
    year = 1985,
    pagetotal = {11},
    language = {français},
    keywords = {inproceedings-crh, crh-1985}
    }

@inproceedings{Guery384-1985,
    author = {Guery, Alain},
    editor = {J. Bouvier and J.-Cl. Perrot},
    title = {La naissance financière de l'Etat moderne en France},
    booktitle = {Etats, fiscalités, économies. actes du cinquième congrès de L'A.F.H.E., 16-18 juin 1983},
    publisher = {PUF},
    location = {Paris},
    year = 1985,
    pagetotal = {},
    language = {français},
    keywords = {inproceedings-crh, crh-1985}
    }

@inproceedings{Piponnier426-1985,
    author = {Piponnier, Françoise},
    editor = {},
    title = {Dai monumenti alla civiltà, il contributo degli scavi archeologici},
    booktitle = {Federico II e Fiorentino, atti del primo convegno di studi medievali della Capitanata},
    publisher = {},
    location = {Galatina},
    year = 1985,
    pagetotal = {4},
    language = {italien},
    keywords = {inproceedings-crh, crh-1985}
    }

@inproceedings{PoloDeBeaulieu429-1985,
    author = {Polo De Beaulieu-De Mercoyrol, Marie-Anne},
    editor = {},
    title = {L'anecdote biographique dans les exempla médiévaux},
    booktitle = {Actes du colloque Problèmes et méthodes de la biographie, 3-4 mai 1985},
    publisher = {Publications de la Sorbonne},
    location = {Paris},
    year = 1985,
    pagetotal = {11},
    language = {français},
    keywords = {inproceedings-crh, crh-1985}
    }

@inproceedings{Reberioux439-1985,
    author = {Reberioux, Madeleine},
    editor = {},
    title = {Musée et Histoire},
    booktitle = {Colloque national sur l'histoire et son enseignement},
    publisher = {CNDP},
    location = {Paris},
    year = 1985,
    pagetotal = {9},
    language = {français},
    keywords = {inproceedings-crh, crh-1985}
    }

@inproceedings{Reberioux445-1985,
    author = {Reberioux, Madeleine},
    editor = {},
    title = {Les intellectuels français au XXe siècle},
    booktitle = {Actes du colloque Intellectuels français, intellectuels hongrois, Budapest 1985},
    publisher = {},
    location = {Budapest},
    year = 1985,
    pagetotal = {12},
    language = {français},
    keywords = {inproceedings-crh, crh-1985}
    }

@inproceedings{Pomian454-1985,
    author = {Pomian, Krzysztof},
    editor = {},
    title = {Maffei e Caylus},
    booktitle = {Nuovi studi Maffeiani, Actes du colloque Scipione Maffei e il Museo Maffeiano, Vérone, 1983},
    publisher = {},
    location = {Vérone},
    year = 1985,
    pagetotal = {19},
    language = {italien},
    keywords = {inproceedings-crh, crh-1985}
    }

@inproceedings{Pomian455-1985,
    author = {Pomian, Krzysztof},
    editor = {B. Chavance},
    title = {Le marxisme réel dans les pays de l'Europe centrale},
    booktitle = {Marx en perspective. Actes du colloque, Paris, 1983},
    publisher = {},
    location = {Paris},
    year = 1985,
    pagetotal = {19},
    language = {français},
    keywords = {inproceedings-crh, crh-1985}
    }

@inproceedings{Pomian456-1985,
    author = {Pomian, Krzysztof},
    editor = {G. Ruggieri},
    title = {Religione e politica in Polonia},
    booktitle = {Actes du Colloque Una nuova pace costantiniana ? Religione e politica negliani '80, Bologne 1984},
    publisher = {Casale Monferrato},
    location = {Bologne},
    year = 1985,
    pagetotal = {55},
    language = {italien},
    keywords = {inproceedings-crh, crh-1985}
    }

@inproceedings{Mane479-1985,
    author = {Mane, Perrine},
    editor = {},
    title = {La vie agricole en Bourgogne à travers l'iconographie},
    booktitle = {Actes du Congrès des sociétés savantes, Dijon 1984},
    publisher = {CTHS},
    location = {Paris},
    year = 1985,
    pagetotal = {18},
    language = {français},
    keywords = {inproceedings-crh, crh-1985}
    }

@inproceedings{Berlioz573-1985,
    author = {Berlioz, Jacques},
    editor = {},
    title = {Virgile dans la littérature des exempla (XIIIe-XVe siècles)},
    booktitle = {Colloque Lectures médiévales de Virgile, Rome, octobre 1982},
    publisher = {},
    location = {Rome},
    year = 1985,
    pagetotal = {56},
    language = {français},
    keywords = {inproceedings-crh, crh-1985}
    }

@inproceedings{Andreau693-1985,
    author = {Andreau, Jean},
    editor = {},
    title = {L'état romain face au monde de la banque et du crédit},
    booktitle = {Etats, fiscalités, économies, Actes du IVe Congrès de l'A.F.H.E.},
    publisher = {},
    location = {Paris},
    year = 1985,
    pagetotal = {9},
    language = {français},
    keywords = {inproceedings-crh, crh-1985}
    }

@inproceedings{Descimon751-1985,
    author = {Descimon, Robert},
    editor = {B. Chevalier and R. Sauzet},
    title = {Prise de parti, appartenance sociale et relations familiales dans la Ligue parisienne (1585-1594)},
    booktitle = {Les Réformes. Enracinement socio-culturel, XXVe colloque international d'études humanistes, Tours, 1-13 juillet 1982},
    publisher = {éd. de la Maisnie},
    location = {Paris},
    year = 1985,
    pagetotal = {14},
    language = {français},
    keywords = {inproceedings-crh, crh-1985}
    }

@inproceedings{Vincent814-1985,
    author = {Vincent, Bernard and R. Carrasco},
    editor = {},
    title = {Amours et mariage chez les Morisques},
    booktitle = {Amours légitimes, amours illégitimes en Espagne, XVIe-XVIIe siècles, Actes du colloque},
    publisher = {Publications de la Sorbonne},
    location = {Paris},
    year = 1985,
    pagetotal = {19},
    language = {français},
    keywords = {inproceedings-crh, crh-1985}
    }

@inproceedings{Chartier835-1985,
    author = {Chartier, Roger},
    editor = {},
    title = {Construction de l'Etat moderne et formes culturelles : perspectives et questions},
    booktitle = {Culture et Idéologie dans la Genèse de l'Etat Moderne, Actes de la table ronde organisée par le CNRS et l'Ecole française de Rome, Rome, 15-17 octobre 1984},
    publisher = {Collection de l'Ecole française de rome},
    location = {Rome},
    year = 1985,
    pagetotal = {13},
    language = {français},
    keywords = {inproceedings-crh, crh-1985}
    }

@inproceedings{Chartier2187-1985,
    author = {Chartier, Roger},
    editor = {H. Ahrweiler},
    title = {Figures de la gueuserie ou la réalité de la représentation},
    booktitle = {L'image de l'Autre, 16e Congrès international des Sciences historiques},
    publisher = {},
    location = {},
    year = 1985,
    pagetotal = {9},
    language = {français},
    keywords = {inproceedings-crh, crh-1985}
    }

@inproceedings{Chartier2188-1985,
    author = {Chartier, Roger},
    editor = {},
    title = {Stratégies éditoriales et lectures populaires en France : La Bibliothèque bleue},
    booktitle = {Rapports, 16e Congrès international des Sciences historiques},
    publisher = {},
    location = {Stuttgart},
    year = 1985,
    pagetotal = {4},
    language = {français},
    keywords = {inproceedings-crh, crh-1985}
    }

@inproceedings{Pomian2563-1985,
    author = {Pomian, Krzysztof},
    editor = {},
    title = {article},
    booktitle = {Actes du Colloque Identità culturale dell'Europa le vie della pace , Turin, 1984},
    publisher = {},
    location = {Milan},
    year = 1985,
    pagetotal = {6},
    language = {italien},
    keywords = {inproceedings-crh, crh-1985}
    }

@inproceedings{Tenenti2677-1985,
    author = {Tenenti, Alberto},
    editor = {},
    title = {Risque et sécurité : course en assurance entre Levant et Ponent du Bas Moyen Age à l'époque moderne},
    booktitle = {Actes du IIe Colloque international d'Histoire},
    publisher = {},
    location = {},
    year = 1985,
    pagetotal = {16},
    language = {français},
    keywords = {inproceedings-crh, crh-1985}
    }

@inproceedings{Braunstein2839-1985,
    author = {Braunstein, Philippe},
    editor = {},
    title = {Dal bagno pubblico alla cura corporale privata : tracce per una storia sociale dell'intimo},
    booktitle = {Actes du Colloque L'Intime},
    publisher = {},
    location = {},
    year = 1985,
    pagetotal = {12},
    language = {italien},
    keywords = {inproceedings-crh, crh-1985}
    }

@inproceedings{Froeschle3083-1985,
    author = {Froeschle-Chopard, Marie-Hélène},
    editor = {},
    title = {Les saints et les fêtes en Provence orientale},
    booktitle = {Actes du Colloque Fêtes et Liturgie},
    publisher = {},
    location = {},
    year = 1985,
    pagetotal = {22},
    language = {français},
    keywords = {inproceedings-crh, crh-1985}
    }

@inreference{Pomian2534-1985,
    author = {Pomian, Krzysztof},
    editor = {},
    title = {Tempo/temporalità},
    booktitle = {Enciclopedia Einaudi},
    publisher = {Einaudi},
    series = {},
    location = {Turin},
    year = 1985,
    pagetotal = {9},
    language = {italien},
    keywords = {dict-crh, crh-1985}
    }

@inreference{Pomian2535-1985,
    author = {Pomian, Krzysztof},
    editor = {},
    title = {Natura, storia, conoscenza},
    booktitle = {Enciclopedia Einaudi},
    publisher = {Einaudi},
    series = {},
    location = {Turin},
    year = 1985,
    pagetotal = {47},
    language = {italien},
    keywords = {dict-crh, crh-1985}
    }

@proceedings{Chapelot2163-1985,
    editor = {Chapelot, Odette and P. BENOIT},
    editortype = {dir.},
    title = {Pierre et Métal dans le Bâtiment au Moyen Age},
    booktitle = {Pierre et Métal dans le Bâtiment au Moyen Age},
    publisher = {EHESS},
    location = {Paris},
    year = 1985,
    pagetotal = {},
    language = {français},
    keywords = {proceedings-crh, crh-1985}
    }

@proceedings{Chartier2176-1985,
    editor = {Chartier, Roger},
    editortype = {dir.},
    title = {Pratiques de la lecture},
    booktitle = {Pratiques de la lecture},
    publisher = {Rivages},
    location = {Marseille},
    year = 1985,
    pagetotal = {},
    language = {français},
    keywords = {proceedings-crh, crh-1985}
    }

@proceedings{Chartier2177-1985,
    editor = {Chartier, Roger and H.-J. MARTIN},
    editortype = {dir.},
    title = {Histoire de l'Edition Française, t.III: Le temps des éditeurs. Du Romantisme à la Belle Epoque},
    booktitle = {Histoire de l'Edition Française, t.III: Le temps des éditeurs. Du Romantisme à la Belle Epoque},
    publisher = {Promodis},
    location = {Paris},
    year = 1985,
    pagetotal = {},
    language = {français},
    keywords = {proceedings-crh, crh-1985}
    }

@proceedings{Reberioux2590-1985,
    editor = {Reberioux, Madeleine},
    editortype = {dir.},
    title = {L'expression plastique au XIXe siècle},
    booktitle = {L'expression plastique au XIXe siècle},
    publisher = {},
    location = {},
    year = 1985,
    pagetotal = {6},
    language = {français},
    keywords = {proceedings-crh, crh-1985}
    }

@proceedings{Schmitt2639-1985,
    editor = {Schmitt, Jean-Claude},
    editortype = {dir.},
    title = {Prêcher d'exemples. Récits de prédicateurs du Moyen Age},
    booktitle = {Prêcher d'exemples. Récits de prédicateurs du Moyen Age},
    publisher = {Stock},
    location = {Paris},
    year = 1985,
    pagetotal = {},
    language = {français},
    keywords = {proceedings-crh, crh-1985}
    }

@proceedings{Pesez5640-1985,
    editor = {Pesez, Jean-Marie},
    editortype = {dir.},
    title = {Brucato. Histoire et archéologie d'un habitat médiéval en Sicile},
    booktitle = {Brucato. Histoire et archéologie d'un habitat médiéval en Sicile},
    publisher = {Ecole française de Rome},
    location = {Rome},
    year = 1985,
    pagetotal = {815},
    language = {français},
    keywords = {proceedings-crh, crh-1985}
    }

@proceedings{Benoît5643-1985,
    editor = {Benoît, Pierre and Odette Chapelot},
    editortype = {dir.},
    title = {Pierre et métal dans le bâtiment au Moyen Age},
    booktitle = {Pierre et métal dans le bâtiment au Moyen Age},
    publisher = {CNRS},
    location = {Paris},
    year = 1985,
    pagetotal = {},
    language = {français},
    keywords = {proceedings-crh, crh-1985}
    }

@collection{Reberioux2593-1985,
    author = {Reberioux, Madeleine},
    editor = {},
    title = {La vie sociale à Paris au tournant du siècle (préface au catalogue d'exposition)},
    booktitle = {Rétrospective de Paris moderne},
    publisher = {},
    location = {},
    year = 1985,
    pagetotal = {6},
    language = {français},
    keywords = {expo-crh, crh-1985}
    }

@collection{Reberioux2594-1985,
    author = {Reberioux, Madeleine},
    editor = {},
    title = {Hugo dans le débat politique et social : 1870-1985 (dans catalogue d'exposition)},
    booktitle = {La gloire de Victor Hugo},
    publisher = {Réunion des musées nationaux},
    location = {Paris},
    year = 1985,
    pagetotal = {37},
    language = {français},
    keywords = {expo-crh, crh-1985}
    }

@incollection{LeGoff250-1985,
    author = {Le Goff, Jacques},
    editor = {},
    title = {Saint de l'Eglise et saint du peuple : les miracles officiels de Saint Louis entre sa mort et sa canonisation},
    booktitle = {Histoire sociale, sensibilités collectives et mentalités, Mélanges Mandrou},
    publisher = {PUF},
    location = {Paris},
    year = 1985,
    pagetotal = {12},
    language = {français},
    keywords = {melanges-crh, crh-1985}
    }

@incollection{Fridenson348-1985,
    author = {Fridenson, Patrick},
    editor = {P. Joutard and J. Lecuir},
    title = {Les ingénieurs et cadres de l'automobile en France au XXe siècle},
    booktitle = {Histoire sociale, sensibilités collectives et mentalités},
    publisher = {PUF},
    location = {Paris},
    year = 1985,
    pagetotal = {18},
    language = {français},
    keywords = {melanges-crh, crh-1985}
    }

@incollection{LeGoff369-1985,
    author = {Le Goff, Jacques},
    editor = {},
    title = {Les gestes du Purgatoire},
    booktitle = {Mélanges De Gandilhac},
    publisher = {},
    location = {},
    year = 1985,
    pagetotal = {},
    language = {français},
    keywords = {melanges-crh, crh-1985}
    }

@incollection{LeGoff495-1985,
    author = {Le Goff, Jacques},
    editor = {},
    title = {Un modèle royal : Saint Louis et Josias},
    booktitle = {Mélanges Blumenkranz},
    publisher = {},
    location = {},
    year = 1985,
    pagetotal = {},
    language = {français},
    keywords = {melanges-crh, crh-1985}
    }

@incollection{Parent517-1985,
    author = {Parent-Lardeur, Françoise},
    editor = {},
    title = {La bibliographie de l'oeuvre de Robert Mandrou},
    booktitle = {Histoire sociale, sensibilités collectives et mentalités. Mélanges Robert Mandrou},
    publisher = {PUF},
    location = {Paris},
    year = 1985,
    pagetotal = {12},
    language = {français},
    keywords = {melanges-crh, crh-1985}
    }

@incollection{Vincent627-1985,
    author = {Vincent, Bernard},
    editor = {},
    title = {Richesse et pauvreté à Véra (Almeria) à la fin du XVIe siècle},
    booktitle = {Homenaje à José Antonio Maravall},
    publisher = {Centro de Investigationes Sociologicas},
    location = {Madrid},
    year = 1985,
    pagetotal = {9},
    language = {français},
    keywords = {melanges-crh, crh-1985}
    }

@incollection{Aron2087-1985,
    author = {Aron, Jean-Paul},
    editor = {},
    title = {Les décades de Pontigny et de Cerisy : introduction à une généalogie du temps des professeurs},
    booktitle = {Mélanges Robert Mandrou},
    publisher = {PUF},
    location = {Paris},
    year = 1985,
    pagetotal = {27},
    language = {français},
    keywords = {melanges-crh, crh-1985}
    }

@incollection{Julliard2400-1985,
    author = {Julliard, Jacques},
    editor = {},
    title = {Les ouvriers dans la société française, intégration et autonomie},
    booktitle = {Histoire Sociale, sensibilités collectives et mentalités, Mélanges Robert Mandrou},
    publisher = {},
    location = {},
    year = 1985,
    pagetotal = {8},
    language = {français},
    keywords = {melanges-crh, crh-1985}
    }

@incollection{LeGoff2437-1985,
    author = {Le Goff, Jacques},
    editor = {},
    title = {Ruggiero Romano au pays de l'Histoire et des Sciences Humaines},
    booktitle = {Revue européenne des Sciences Sociales, Cahiers, Vilfredo Paeto, Mélanges R. Romano},
    publisher = {},
    location = {},
    year = 1985,
    pagetotal = {9},
    language = {français},
    keywords = {melanges-crh, crh-1985}
    }

@incollection{Reberioux2596-1985,
    author = {Reberioux, Madeleine},
    editor = {},
    title = {La littérature socialisante et la représentation du futur au tournant du siècle},
    booktitle = {Histoire sociale, sensibilités collectives et mentalités. Mélanges Robert Mandrou},
    publisher = {PUF},
    location = {Paris},
    year = 1985,
    pagetotal = {15},
    language = {français},
    keywords = {melanges-crh, crh-1985}
    }

@incollection{Scherrer2619-1985,
    author = {Scherrer, Jutta},
    editor = {},
    title = {Wunschtheorien der Religion : Auf der Suche nach der Wahrheit des Sozialismus},
    booktitle = {Festschrift für Peter Scheibert},
    publisher = {},
    location = {Fribourg},
    year = 1985,
    pagetotal = {29},
    language = {allemand},
    keywords = {melanges-crh, crh-1985}
    }

@incollection{Sigaut231-1985,
    author = {Sigaut, François},
    editor = {C. Blanc-Pamard and A. Lericollais},
    title = {Une discipline scientifique à développer : la technologie de l'agriculture},
    booktitle = {A travers champs - Agronomes et géographes},
    publisher = {ORSTOM},
    location = {Paris},
    year = 1985,
    pagetotal = {19},
    language = {français},
    keywords = {collectif-crh, crh-1985}
    }

@incollection{Sigaut240-1985,
    author = {Sigaut, François},
    editor = {?},
    title = {Le point de vue de l'historien},
    booktitle = {Enseignements agricoles et Formation des Ruraux},
    publisher = {Agri-Nathan international},
    location = {Paris},
    year = 1985,
    pagetotal = {2},
    language = {français},
    keywords = {collectif-crh, crh-1985}
    }

@incollection{Sigaut259-1985,
    author = {Sigaut, François},
    editor = {C. Beutler and M. Gast and F. Sigaut},
    title = {Questions d'économie à propos des politiques céréalières et de stockage},
    booktitle = {Les techniques des conservations des grains à long terme},
    publisher = {CNRS},
    location = {Paris},
    year = 1985,
    pagetotal = {},
    language = {français},
    keywords = {collectif-crh, crh-1985}
    }

@incollection{Hocquet262-1985,
    author = {Hocquet, Jean-Claude},
    editor = {M. Mollat},
    title = {Poisson du riche et hareng du commun},
    booktitle = {Les pêcheries médiévales. Pêcheurs et pêcheries maritimes en France},
    publisher = {Privat},
    location = {Toulouse},
    year = 1985,
    pagetotal = {},
    language = {français},
    keywords = {collectif-crh, crh-1985}
    }

@incollection{Hocquet263-1985,
    author = {Hocquet, Jean-Claude},
    editor = {M. Mollat},
    title = {Pêcheurs, hôtes et seigneurs},
    booktitle = {Les pêcheries médiévales. Pêcheurs et pêcheries maritimes en France},
    publisher = {Privat},
    location = {Toulouse},
    year = 1985,
    pagetotal = {},
    language = {français},
    keywords = {collectif-crh, crh-1985}
    }

@incollection{LeGoff279-1985,
    author = {Le Goff, Jacques},
    editor = {?},
    title = {Le temps de l'exemplum, XIIIe siècle},
    booktitle = {Le Temps chrétien de la fin de l'Antiquité au Moyen Age, IIe-XIIe siècles},
    publisher = {CNRS},
    location = {Paris},
    year = 1985,
    pagetotal = {4},
    language = {français},
    keywords = {collectif-crh, crh-1985}
    }

@incollection{Julliard290-1985,
    author = {Julliard, Jacques},
    editor = {G. Duby},
    title = {La ville, lieu politique},
    booktitle = {Histoire de la France urbaine},
    publisher = {Seuil},
    location = {Paris},
    year = 1985,
    pagetotal = {64},
    language = {français},
    keywords = {collectif-crh, crh-1985}
    }

@incollection{Julliard291-1985,
    author = {Julliard, Jacques},
    editor = {J. Julliard and S. Sand},
    title = {Actualité de Georges Sorel},
    booktitle = {Georges Sorel et son temps},
    publisher = {Seuil},
    location = {Paris},
    year = 1985,
    pagetotal = {22},
    language = {français},
    keywords = {collectif-crh, crh-1985}
    }

@incollection{Julliard292-1985,
    author = {Julliard, Jacques},
    editor = {M. Degl'Innocenti},
    title = {Il sindicato d'azione diretta e la produzione},
    booktitle = {Filippo Turati e il socialismo europeo},
    publisher = {Guido editori},
    location = {},
    year = 1985,
    pagetotal = {19},
    language = {italien},
    keywords = {collectif-crh, crh-1985}
    }

@incollection{Klapisch304-1985,
    author = {Klapisch-Zuber, Christiane},
    editor = {M. Perrot},
    title = {Le médiéviste, la femme et le sériel},
    booktitle = {Une histoire des femmes est-elle possible},
    publisher = {Rivages},
    location = {Marseille},
    year = 1985,
    pagetotal = {},
    language = {français},
    keywords = {collectif-crh, crh-1985}
    }

@incollection{Gasnault310-1985,
    author = {Gasnault, Marie-Claire},
    editor = {?},
    title = {Jacques de Vitry, sermon aux gens mariés},
    booktitle = {Prêcher d'exemples},
    publisher = {Stock},
    location = {Paris},
    year = 1985,
    pagetotal = {27},
    language = {français},
    keywords = {collectif-crh, crh-1985}
    }

@incollection{Velay321-1985,
    author = {Velay-Vallantin, Catherine},
    editor = {J.-C. Schmitt},
    title = {Les Gesta Romanorum : l'encyclopédisme édifiant},
    booktitle = {Prêcher d'exemples. Récits de prédicateurs du Moyen Age},
    publisher = {Stock},
    location = {Paris},
    year = 1985,
    pagetotal = {12},
    language = {français},
    keywords = {collectif-crh, crh-1985}
    }

@incollection{Froeschle332-1985,
    author = {Froeschle-Chopard, Marie-Hélène},
    editor = {Cl.Savart and J.-N. Aletti},
    title = {L'église paroissiale et la Bible},
    booktitle = {Le Monde contemporain et la Bible},
    publisher = {},
    location = {Paris},
    year = 1985,
    pagetotal = {33},
    language = {français},
    keywords = {collectif-crh, crh-1985}
    }

@incollection{Gasnault337-1985,
    author = {Gasnault, Marie-Claire and D. Dinet},
    editor = {?},
    title = {Sens},
    booktitle = {Répertoire des visites pastorales de la France,},
    publisher = {CNRS},
    location = {Paris},
    year = 1985,
    pagetotal = {59},
    language = {français},
    keywords = {collectif-crh, crh-1985}
    }

@incollection{Guillou352-1985,
    author = {Guillou, André},
    editor = {?},
    title = {La présence byzantine dans les pays du nord de l'Adriatique. Un champ des mutations socio-économiques},
    booktitle = {Dôréma ston I. Karagiannopoulos : Byzantina},
    publisher = {},
    location = {Thessalonique},
    year = 1985,
    pagetotal = {14},
    language = {français},
    keywords = {collectif-crh, crh-1985}
    }

@incollection{Halevi356-1985,
    author = {Halevi, Ran-Yedid},
    editor = {D. Gaxie},
    title = {Modalités, participation et luttes électorales en France sous l'Ancien Régime},
    booktitle = {l'Explication du vote},
    publisher = {},
    location = {Paris},
    year = 1985,
    pagetotal = {21},
    language = {français},
    keywords = {collectif-crh, crh-1985}
    }

@incollection{Halevi367-1985,
    author = {Halevi, Ran-Yedid},
    editor = {?},
    title = {La nature du phénomène maçonnique pre-révolutionnaire},
    booktitle = {Franc-Maçonnerie et Lumières au seuil de la Révolution française},
    publisher = {Institut d'études et de recherches maçonniques},
    location = {Paris},
    year = 1985,
    pagetotal = {4},
    language = {français},
    keywords = {collectif-crh, crh-1985}
    }

@incollection{Grinberg373-1985,
    author = {Grinberg, Martine},
    editor = {?},
    title = {La culture populaire comme enjeu : rituels et pouvoirs (XIVe-XVIe siècles)},
    booktitle = {Culture et Idéologie dans la Genèse de l'Etat Moderne},
    publisher = {},
    location = {Rome},
    year = 1985,
    pagetotal = {12},
    language = {français},
    keywords = {collectif-crh, crh-1985}
    }

@incollection{Guery383-1985,
    author = {Guery, Alain and J.-M. Chevet},
    editor = {C. Beutler and M. Gast and F. Sigaut},
    title = {Consommation et approvisionnement de Paris en céréales de 1725 à 1733},
    booktitle = {Les techniques de conservation des grains à long terme},
    publisher = {CNRS},
    location = {Paris},
    year = 1985,
    pagetotal = {16},
    language = {français},
    keywords = {collectif-crh, crh-1985}
    }

@incollection{Pomian390-1985,
    author = {Pomian, Krzysztof},
    editor = {G.Drabik and R.C.Fernandez},
    title = {Um conflito historico : o partido e a igreja},
    booktitle = {Polônia: o partido, a igreja, o solidariedade},
    publisher = {},
    location = {Rio de Janeiro},
    year = 1985,
    pagetotal = {12},
    language = {espagnol},
    keywords = {collectif-crh, crh-1985}
    }

@incollection{Ribaucourt408-1985,
    author = {Ribaucourt, Colette},
    editor = {J.-Cl. Schmitt},
    title = {Pour parler des femmes},
    booktitle = {Prêcher d'exemples récits de prédicateurs du Moyen Age},
    publisher = {Stock},
    location = {Paris},
    year = 1985,
    pagetotal = {14},
    language = {français},
    keywords = {collectif-crh, crh-1985}
    }

@incollection{Pomian421-1985,
    author = {Pomian, Krzysztof},
    editor = {F. Papi},
    title = {La filosofia di René Thom},
    booktitle = {Intelligibilità e costruzione scientifica},
    publisher = {},
    location = {Milan},
    year = 1985,
    pagetotal = {22},
    language = {italien},
    keywords = {collectif-crh, crh-1985}
    }

@incollection{Reberioux431-1985,
    author = {Reberioux, Madeleine},
    editor = {?},
    title = {Les caricatures politiques et Jaurès vivant},
    booktitle = {Jaurès et ses images},
    publisher = {Société de Bibliologie et de Schématisation},
    location = {},
    year = 1985,
    pagetotal = {9},
    language = {français},
    keywords = {collectif-crh, crh-1985}
    }

@incollection{Reberioux443-1985,
    author = {Reberioux, Madeleine},
    editor = {?},
    title = {Jaurès à la masse},
    booktitle = {Filipo Turati e il socialismo europeo},
    publisher = {Guida},
    location = {Naples},
    year = 1985,
    pagetotal = {15},
    language = {français},
    keywords = {collectif-crh, crh-1985}
    }

@incollection{Reberioux446-1985,
    author = {Reberioux, Madeleine},
    editor = {H.-J. Martin and R. Chartier},
    title = {Les ouvriers du livre},
    booktitle = {Histoire de l'édition française. Tome III},
    publisher = {Promodis},
    location = {Paris},
    year = 1985,
    pagetotal = {12},
    language = {français},
    keywords = {collectif-crh, crh-1985}
    }

@incollection{Reberioux447-1985,
    author = {Reberioux, Madeleine},
    editor = {?},
    title = {Les travailleurs du livre : La F.F.T.L. devant la crise de l'emploi et des qualifications},
    booktitle = {Technologies, Idéologies, Pratiques},
    publisher = {},
    location = {Aix-en-Provence},
    year = 1985,
    pagetotal = {25},
    language = {français},
    keywords = {collectif-crh, crh-1985}
    }

@incollection{Revel450-1985,
    author = {Revel, Jacques and A. Farge},
    editor = {?},
    title = {Les règles de l'émeute. L'affaire des enlèvements d'enfants en 1750},
    booktitle = {Mouvements populaires et conscience sociale},
    publisher = {Maloine},
    location = {Paris},
    year = 1985,
    pagetotal = {12},
    language = {français},
    keywords = {collectif-crh, crh-1985}
    }

@incollection{Randles462-1985,
    author = {Randles, William},
    editor = {?},
    title = {Portuguese and Spanish attempts to calculate longitude in the 16th century},
    booktitle = {Vistas in Astronomy},
    publisher = {},
    location = {},
    year = 1985,
    pagetotal = {7},
    language = {anglais},
    keywords = {collectif-crh, crh-1985}
    }

@incollection{Melonio474-1985,
    author = {Melonio, Françoise},
    editor = {?},
    title = {Quelques conseils bibliographiques},
    booktitle = {Analyses et réflexions sur Tocqueville},
    publisher = {Ellipses},
    location = {Paris},
    year = 1985,
    pagetotal = {6},
    language = {français},
    keywords = {collectif-crh, crh-1985}
    }

@incollection{Lepetit503-1985,
    author = {Lepetit, Bernard},
    editor = {C. De Seta},
    title = {Parigi e le rete dei trasporti interni nella Francia preindustriale},
    booktitle = {La Città capitali},
    publisher = {},
    location = {Bari},
    year = 1985,
    pagetotal = {18},
    language = {italien},
    keywords = {collectif-crh, crh-1985}
    }

@incollection{Lemay507-1985,
    author = {Lemay, Edna},
    editor = {?},
    title = {La Guerre dans la vision ethnographique du monde au XVIIIe siècle},
    booktitle = {La Bataille, l'armée, la gloire, 1745-1871},
    publisher = {Université de Clermont-Ferrand},
    location = {Clermont-Ferrand},
    year = 1985,
    pagetotal = {11},
    language = {français},
    keywords = {collectif-crh, crh-1985}
    }

@incollection{Schmitt524-1985,
    author = {Schmitt, Jean-Claude},
    editor = {S. Auroux and J.-C. Chevalier and N. Jacques-Chaquin and C. Marchello-Nizia},
    title = {Les morts qui parlent : voix et visions au XIIe siècle},
    booktitle = {La Linguistique fantastique},
    publisher = {Denoël},
    location = {Paris},
    year = 1985,
    pagetotal = {8},
    language = {français},
    keywords = {collectif-crh, crh-1985}
    }

@incollection{Pelus534-1985,
    author = {Pelus, Marie-Louise},
    editor = {E. Spies-Hankammer},
    title = {Lübecker Weinhändler im Jahre 1693 und ihr Handel mit Frankreich},
    booktitle = {Lübecker Weinhandel, Kultur- und wirtschaftsgeschichtliche Studien},
    publisher = {},
    location = {Lübeck},
    year = 1985,
    pagetotal = {8},
    language = {allemand},
    keywords = {collectif-crh, crh-1985}
    }

@incollection{Ozouf554-1985,
    author = {Ozouf, Mona},
    editor = {?},
    title = {L'unité nationale et l'unité de la pensée de Jules Ferry},
    booktitle = {Jules Ferry fondateur de la République},
    publisher = {EHESS},
    location = {Paris},
    year = 1985,
    pagetotal = {},
    language = {français},
    keywords = {collectif-crh, crh-1985}
    }

@incollection{Bergeron559-1985,
    author = {Bergeron, Louis},
    editor = {De Seta},
    title = {L'organizzazione di una capitale : Parigi sotto il potere di Napoleone Bonaparte},
    booktitle = {Le città capitali},
    publisher = {Laterza},
    location = {Bari},
    year = 1985,
    pagetotal = {4},
    language = {italien},
    keywords = {collectif-crh, crh-1985}
    }

@incollection{Bergeron561-1985,
    author = {Bergeron, Louis},
    editor = {P. Bairoch and A.-M. Piuz},
    title = {Une nouvelle forme de capitalisme : le négoce et l'industrie des grands produits de consommation en France au XIXe siècle},
    booktitle = {Des économies traditionnelles aux sociétés industrielles},
    publisher = {Droz},
    location = {Genève-Paris},
    year = 1985,
    pagetotal = {16},
    language = {français},
    keywords = {collectif-crh, crh-1985}
    }

@incollection{Braunstein610-1985,
    author = {Braunstein, Philippe},
    editor = {O. Chapelot and P. Benoit},
    title = {Les débuts d'un chantier : le Dôme de Milan sort de terre (1387)},
    booktitle = {Pierre et Métal dans le bâtiment au Moyen Age},
    publisher = {EHESS},
    location = {Paris},
    year = 1985,
    pagetotal = {22},
    language = {français},
    keywords = {collectif-crh, crh-1985}
    }

@incollection{Braunstein614-1985,
    author = {Braunstein, Philippe},
    editor = {G. Duby},
    title = {L'émergence de l'individu},
    booktitle = {Histoire de la Vie Privée, II, De l'Europe féodale à la Renaissance},
    publisher = {Seuil},
    location = {Paris},
    year = 1985,
    pagetotal = {94},
    language = {français},
    keywords = {collectif-crh, crh-1985}
    }

@incollection{Beutler622-1985,
    author = {Beutler, Corinne},
    editor = {M. Gast and F. Sigaut and C. Beutler},
    title = {Les fonctions du blé dans un système colonial : l'approvisionnement de Montréal jusqu'en 1840},
    booktitle = {Les techniques de conservation des grains à long terme : leur rôle dans la dynamique des systèmes de cultures et des sociétés},
    publisher = {CNRS},
    location = {Paris},
    year = 1985,
    pagetotal = {13},
    language = {français},
    keywords = {collectif-crh, crh-1985}
    }

@incollection{Beutler623-1985,
    author = {Beutler, Corinne},
    editor = {M. Gast and F. Sigaut and C. Beutler},
    title = {Europe moderne et contemporaine : les données de l'histoire},
    booktitle = {Les techniques de conservation des grains à long terme : leur rôle dans la dynamique des systèmes de cultures et des sociétés},
    publisher = {CNRS},
    location = {Paris},
    year = 1985,
    pagetotal = {1},
    language = {français},
    keywords = {collectif-crh, crh-1985}
    }

@incollection{Andreau691-1985,
    author = {Andreau, Jean},
    editor = {Ph. Leveau},
    title = {Les financiers romains entre la ville et la campagne},
    booktitle = {L'origine des richesses dépensées dans la ville antique},
    publisher = {},
    location = {Aix-en-Provence},
    year = 1985,
    pagetotal = {20},
    language = {français},
    keywords = {collectif-crh, crh-1985}
    }

@incollection{Andreau694-1985,
    author = {Andreau, Jean},
    editor = {Chr. Flon},
    title = {Marchandises, marchés et échanges en Méditerranée},
    booktitle = {Le Grand Atlas Universalis de l'Archéologie},
    publisher = {},
    location = {Paris},
    year = 1985,
    pagetotal = {4},
    language = {français},
    keywords = {collectif-crh, crh-1985}
    }

@incollection{Andreau695-1985,
    author = {Andreau, Jean},
    editor = {Chr. Flon},
    title = {Agriculture et vie rurale},
    booktitle = {Le Grand Atlas Universalis de l'Archéologie},
    publisher = {},
    location = {Paris},
    year = 1985,
    pagetotal = {4},
    language = {français},
    keywords = {collectif-crh, crh-1985}
    }

@incollection{Farge754-1985,
    author = {Farge, Arlette and J. REVEL},
    editor = {?},
    title = {Les règles de l'émeute. L'affaire des enlèvements d'enfants en 1750},
    booktitle = {Mouvements populaires et conscience sociale},
    publisher = {Maloine},
    location = {Paris},
    year = 1985,
    pagetotal = {12},
    language = {français},
    keywords = {collectif-crh, crh-1985}
    }

@incollection{Chartier789-1985,
    author = {Chartier, Roger},
    editor = {?},
    title = {Las dos reformas},
    booktitle = {Historia Universal, Europa-Siglos XVI-XVIII},
    publisher = {Salvat},
    location = {Barcelone},
    year = 1985,
    pagetotal = {99},
    language = {espagnol},
    keywords = {collectif-crh, crh-1985}
    }

@incollection{Chartier798-1985,
    author = {Chartier, Roger},
    editor = {R. Chartier},
    title = {Du livre au lire},
    booktitle = {Pratiques de la lecture,},
    publisher = {Rivages},
    location = {Marseille},
    year = 1985,
    pagetotal = {27},
    language = {français},
    keywords = {collectif-crh, crh-1985}
    }

@incollection{Chartier799-1985,
    author = {Chartier, Roger},
    editor = {R. Chartier},
    title = {La lecture : une pratique culturelle},
    booktitle = {Pratiques de la lecture,},
    publisher = {Rivages},
    location = {Marseille},
    year = 1985,
    pagetotal = {22},
    language = {français},
    keywords = {collectif-crh, crh-1985}
    }

@incollection{Chartier800-1985,
    author = {Chartier, Roger},
    editor = {?},
    title = {La Ilustracion : la repuesta de las poblaciones},
    booktitle = {Historia Universal, Europa-Siglos XVI-XVIII,},
    publisher = {Salvat},
    location = {Barcelone},
    year = 1985,
    pagetotal = {7},
    language = {espagnol},
    keywords = {collectif-crh, crh-1985}
    }

@incollection{Chartier838-1985,
    author = {Chartier, Roger},
    editor = {H. U. Gumbrecht and U. Link-Rheer},
    title = {Volkskultur vs Gelehrtenkulture. Uberprufung einer Zweiteilung und einer Periodisierung},
    booktitle = {Epochenswellen und Epochenstrukturen im Der Diskurs der Literatur -und Sprachhistorie},
    publisher = {Suhrkamp},
    location = {Francfort-sur-le-Main},
    year = 1985,
    pagetotal = {13},
    language = {allemand},
    keywords = {collectif-crh, crh-1985}
    }

@incollection{Chartier840-1985,
    author = {Chartier, Roger},
    editor = {P. Bairoch and A.-M. Piuz},
    title = {Postscriptum},
    booktitle = {Des économies traditionnelles aux sociétés industrielles},
    publisher = {Droz},
    location = {Genève},
    year = 1985,
    pagetotal = {29},
    language = {français},
    keywords = {collectif-crh, crh-1985}
    }

@incollection{Alexandre852-1985,
    author = {Alexandre-Bidon, Danièle},
    editor = {?},
    title = {Le tissu et l'enfant au moyen âge},
    booktitle = {Le textile et les enfants},
    publisher = {éditions Textile/art/langage},
    location = {Paris},
    year = 1985,
    pagetotal = {},
    language = {français},
    keywords = {collectif-crh, crh-1985}
    }

@incollection{Beck858-1985,
    author = {Beck-Bossard, Corinne},
    editor = {J.-M. Pesez},
    title = {Etude de la faune},
    booktitle = {Histoire et archéologie d'un habitat médiéval en Sicile, Brucato},
    publisher = {Ecole Française de Rome},
    location = {Rome},
    year = 1985,
    pagetotal = {},
    language = {français},
    keywords = {collectif-crh, crh-1985}
    }

@incollection{Farge868-1985,
    author = {Farge, Arlette and M. Perrot and F. Ewald},
    editor = {?},
    title = {Une pratique de la vérité},
    booktitle = {Michel Foucault, une histoire de la vérité},
    publisher = {Syros},
    location = {Paris},
    year = 1985,
    pagetotal = {},
    language = {français},
    keywords = {collectif-crh, crh-1985}
    }

@incollection{Vari888-1985,
    author = {Vari, Stéphane and E. Tedesco and D. Manesse},
    editor = {?},
    title = {Les attitudes et comportements des maîtres à l'égard du travail à la maison dans l'enseignement élémentaire},
    booktitle = {Les attitudes et comportements des maîtres à l'égard du travail à la maison dans l'enseignement élémentaire},
    publisher = {INRP},
    location = {Paris},
    year = 1985,
    pagetotal = {},
    language = {français},
    keywords = {collectif-crh, crh-1985}
    }

@incollection{Aymard2090-1985,
    author = {Aymard, Maurice},
    editor = {G.Arrighi},
    title = {Nation-States and Interregional Disparities of Development},
    booktitle = {},
    publisher = {},
    location = {Beverly Hills/Londres/New Delhi},
    year = 1985,
    pagetotal = {15},
    language = {anglais},
    keywords = {collectif-crh, crh-1985}
    }

@incollection{Aymard2091-1985,
    author = {Aymard, Maurice},
    editor = {?},
    title = {La città di nuova fondazione in Sicilia},
    booktitle = {Storia d'Italia, Annali 8, Insediamenti e Territorio},
    publisher = {Einaudi},
    location = {Turin},
    year = 1985,
    pagetotal = {8},
    language = {italien},
    keywords = {collectif-crh, crh-1985}
    }

@incollection{Berlioz2114-1985,
    author = {Berlioz, Jacques},
    editor = {Jean-Claude Schmitt},
    title = {Prêcher d'exemples. Récits de prédicateurs du Moyen Age},
    booktitle = {Prêcher d'exemples. Récits de prédicateurs du Moyen Age},
    publisher = {Stock},
    location = {Paris},
    year = 1985,
    pagetotal = {29},
    language = {français},
    keywords = {collectif-crh, crh-1985}
    }

@incollection{Bourdelais2131-1985,
    author = {Bourdelais, Patrice},
    editor = {A.Farge and C.Klapisch},
    title = {Femmes isolées en France, XVIIIe-XIXe siècles},
    booktitle = {Madame ou Mademoiselle? Itinéraires de la solitude féminine},
    publisher = {Montalba},
    location = {Paris},
    year = 1985,
    pagetotal = {14},
    language = {français},
    keywords = {collectif-crh, crh-1985}
    }

@incollection{Chartier2185-1985,
    author = {Chartier, Roger},
    editor = {P. Bairoch and A.-M. Piuz},
    title = {Espace social et imaginaire social. Les intellectuels 'frustrés', XVIIe-XIXe siècles},
    booktitle = {Des économies traditionnelles aux sociétés industrielles},
    publisher = {},
    location = {},
    year = 1985,
    pagetotal = {29},
    language = {français},
    keywords = {collectif-crh, crh-1985}
    }

@incollection{Chartier2186-1985,
    author = {Chartier, Roger},
    editor = {?},
    title = {La pauvreté à l'âge moderne (XVIe-XVIIIe siècles). Définitions, représentations, institutions},
    booktitle = {La pauvreté, une approche plurielle},
    publisher = {Editions ESF},
    location = {Paris},
    year = 1985,
    pagetotal = {19},
    language = {français},
    keywords = {collectif-crh, crh-1985}
    }

@incollection{Goy2328-1985,
    author = {Goy, Joseph},
    editor = {?},
    title = {Les intellectuels et la pratique sociale. Des imprudences de la législation successorale révolutionnaire au 'bricolage' du code civil},
    booktitle = {Intellectuels français, intellectuels hongrois, XIIIe-XXe siècles},
    publisher = {},
    location = {Budapest/Paris},
    year = 1985,
    pagetotal = {},
    language = {français},
    keywords = {collectif-crh, crh-1985}
    }

@incollection{Hocquet2367-1985,
    author = {Hocquet, Jean-Claude},
    editor = {?},
    title = {Venise, les villes et les campagnes de la Terre Ferme (XVe-XVIe siècles)},
    booktitle = {Stadt, Bürgertum, Staat (13-17 Jahrhundert)},
    publisher = {},
    location = {Bielefeld},
    year = 1985,
    pagetotal = {},
    language = {français},
    keywords = {collectif-crh, crh-1985}
    }

@incollection{LeGoff2433-1985,
    author = {Le Goff, Jacques},
    editor = {?},
    title = {Le temps du Purgatoire, IIIe-XIIIe siècles},
    booktitle = {Le temps chrétien de lafin de l'Antiquité au Moyen Age, Iie-XIIe siècles},
    publisher = {CNRS},
    location = {Paris},
    year = 1985,
    pagetotal = {14},
    language = {français},
    keywords = {collectif-crh, crh-1985}
    }

@incollection{Piponnier2521-1985,
    author = {Piponnier, Françoise and P. Beck},
    editor = {J.-M. Pesez},
    title = {Brucato. Histoire et archéologie d'un habitat médiéval en Sicile},
    booktitle = {Brucato. Histoire et archéologie d'un habitat médiéval en Sicile},
    publisher = {Ecole française de Rome},
    location = {Rome},
    year = 1985,
    pagetotal = {190},
    language = {français},
    keywords = {collectif-crh, crh-1985}
    }

@incollection{Reberioux2597-1985,
    author = {Reberioux, Madeleine},
    editor = {},
    title = {Les ouvriers des métiers d'art à l'Exposition universelle de 1867},
    booktitle = {Lectures et lecteurs au XIXe siècle},
    publisher = {Bibliothèque des Amis de l'Instruction},
    location = {Paris},
    year = 1985,
    pagetotal = {9},
    language = {français},
    keywords = {collectif-crh, crh-1985}
    }

@incollection{Scherrer2618-1985,
    author = {Scherrer, Jutta},
    editor = {?},
    title = {Sorel en Russie : le cas des 'bolcheviks de gauche'},
    booktitle = {Georges Sorel et son temps},
    publisher = {Seuil},
    location = {Paris},
    year = 1985,
    pagetotal = {24},
    language = {français},
    keywords = {collectif-crh, crh-1985}
    }

@incollection{Schmitt2637-1985,
    author = {Schmitt, Jean-Claude},
    editor = {T. Gregory},
    title = {Rêver au XIIe siècle},
    booktitle = {I sogni nel Medio Evo},
    publisher = {},
    location = {},
    year = 1985,
    pagetotal = {26},
    language = {français},
    keywords = {collectif-crh, crh-1985}
    }

@incollection{Schmitt2644-1985,
    author = {Schmitt, Jean-Claude},
    editor = {R. C. Trexler},
    title = {Entre le texte et l'image : les gestes de la prière de Saint Dominique},
    booktitle = {Persons in group. Social Behaviour as Identity Formation in Medieval and Renaissance Europe},
    publisher = {},
    location = {},
    year = 1985,
    pagetotal = {},
    language = {français},
    keywords = {collectif-crh, crh-1985}
    }

@incollection{Benoit2767-1985,
    author = {Benoit, Serge},
    editor = {F.Cardot},
    title = {De l'hydromécanique à l'hydroélectricité : le rôle des sites hydrauliques anciens dans l'électrification de la France, 1880-1914},
    booktitle = {La France des Electriciens, 1880-1980},
    publisher = {PUF},
    location = {Paris},
    year = 1985,
    pagetotal = {32},
    language = {français},
    keywords = {collectif-crh, crh-1985}
    }

@incollection{LeGoff2446-1985,
    author = {Le Goff, Jacques},
    editor = {},
    title = {préface},
    booktitle = {Orange au Moyen Age},
    publisher = {},
    location = {},
    year = 1985,
    pagetotal = {},
    language = {français},
    keywords = {preface-book-crh, crh-1985}
    }

@incollection{LeGoff2447-1985,
    author = {Le Goff, Jacques},
    editor = {},
    title = {préface},
    booktitle = {La société médiévale},
    publisher = {Ed.M.A.},
    location = {Paris},
    year = 1985,
    pagetotal = {},
    language = {français},
    keywords = {preface-book-crh, crh-1985}
    }

@incollection{LeGoff2449-1985,
    author = {Le Goff, Jacques},
    editor = {},
    title = {préface},
    booktitle = {Le Peuple par écrit},
    publisher = {Seuil},
    location = {Paris},
    year = 1985,
    pagetotal = {},
    language = {français},
    keywords = {preface-book-crh, crh-1985}
    }

@incollection{LeGoff2450-1985,
    author = {Le Goff, Jacques},
    editor = {},
    title = {préface},
    booktitle = {L'Occident et l'Afrique XIIIe-XVe siècles},
    publisher = {Edition Karthala},
    location = {Paris},
    year = 1985,
    pagetotal = {},
    language = {français},
    keywords = {preface-book-crh, crh-1985}
    }

@incollection{Ozouf2484-1985,
    author = {Ozouf, Jacques},
    editor = {},
    title = {Préface},
    booktitle = {La Forteresse enseignante, la Fédération de l'Education Nationale},
    publisher = {Fayard},
    location = {Paris},
    year = 1985,
    pagetotal = {},
    language = {français},
    keywords = {preface-book-crh, crh-1985}
    }

@incollection{Ozouf2493-1985,
    author = {Ozouf, Mona and J. Ozouf},
    editor = {},
    title = {préface},
    booktitle = {La Forteresse enseignante, la Fédération de l'Education Nationale},
    publisher = {Fayard},
    location = {Paris},
    year = 1985,
    pagetotal = {},
    language = {français},
    keywords = {preface-book-crh, crh-1985}
    }

@incollection{Reberioux2592-1985,
    author = {Reberioux, Madeleine},
    editor = {},
    title = {préface},
    booktitle = {Images du Travail, catalogue de l'exposition du Musée Ferdinand Léger},
    publisher = {Réunion des Musées nationaux},
    location = {Paris},
    year = 1985,
    pagetotal = {21},
    language = {français},
    keywords = {preface-book-crh, crh-1985}
    }

@incollection{Richet2610-1985,
    author = {Richet, Denis},
    editor = {},
    title = {préface},
    booktitle = {La Sainte Ligue. Le juge et la potence},
    publisher = {Hachette},
    location = {Paris},
    year = 1985,
    pagetotal = {},
    language = {français},
    keywords = {preface-book-crh, crh-1985}
    }

@incollection{Richet2611-1985,
    author = {Richet, Denis},
    editor = {},
    title = {préface},
    booktitle = {Mazarinades : la Fronde des mots},
    publisher = {Aubier},
    location = {Paris},
    year = 1985,
    pagetotal = {},
    language = {français},
    keywords = {preface-book-crh, crh-1985}
    }

@book{Chartier2178-1985,
    author = {Chartier, Roger},
    title = {La Société de Cour},
    publisher = {Flammarion},
    series = {Champs},
    location = {Paris},
    year = 1985,
    pagetotal = {1},
    language = {français},
    % addendum = {Formation sociale et économie psychique : la société de cour dans le procès de civilisation},
    keywords = {edition-txt-crh, crh-1985}
    }

@book{Reberioux2598-1985,
    author = {Reberioux, Madeleine},
    title = {Emile Zola, Correspondance},
    publisher = {Presses de l'université de Montréal/CNRS},
    series = {},
    location = {Montréal/Paris},
    year = 1985,
    pagetotal = {12},
    language = {français},
    % addendum = {introduction historique},
    keywords = {edition-txt-crh, crh-1985}
    }

@book{Valensi2684-1985,
    author = {Valensi, Lucette},
    editor = {},
    title = {Tunisian Peasants in the 18th and 19th centuries},
    publisher = {},
    series = {},
    location = {Cambridge University Press},
    year = 1985,
    pagetotal = {},
    language = {anglais},
    addendum = {réédition},
    keywords = {reedition-crh, crh-1985}
    }

@incollection{Arbellot2085-1985,
    author = {Arbellot, Guy},
    editor = {},
    title = {Cartes anciennes de la Charente-Maritime},
    booktitle = {Paroisses et Communes de France - Dictionnaire d'histoire administrative et démographique. Charente-Maritime.},
    publisher = {},
    series = {},
    location = {},
    year = 1985,
    pagetotal = {13},
    language = {français},
    keywords = {outil-recherche-crh, crh-1985}
    }

@book{Julia2393-1985,
    author = {Julia, Dominique},
    editor = {},
    title = {Répertoire des visites pastorales de la France. Première série. Anciens diocèses (jusqu'en 1790), t. IV, La Rochelle-Ypres},
    publisher = {CNRS},
    series = {},
    location = {Paris},
    year = 1985,
    pagetotal = {},
    language = {français},
    keywords = {outil-recherche-crh, crh-1985}
    }

@book{LeMee2457-1985,
    author = {Le Mee, René},
    editor = {},
    title = {Bibliographie Internationale de la Démographie Historique 1985},
    publisher = {Société de Démographie Historique},
    series = {Union internationale pour l'Etude Scientifique de la Population},
    location = {Paris},
    year = 1985,
    pagetotal = {},
    language = {français},
    keywords = {outil-recherche-crh, crh-1985}
    }

@article{Ozouf2492-1985,
    author = {Ozouf, Mona},
    title = {Peut-on enseigner l'instruction civique ?},
    journal = {Le Débat},
    year = 1985,
    language = {français},
    keywords = {art-rapport-crh, crh-1985}
    }

@misc{Berthe2810-1985,
    author = {Berthe, Jean-Pierre},
    title = {Relaciones y Memorias de la Provincia de Michoacan},
    year = 1985,
    language = {espagnol},
    addendum = {compte-rendu},
    keywords = {cr-crh, crh-1985}
    }

