@article{Peter128-1986,
    author = {Peter, Jean-Pierre},
    title = {Franz Anton Mesmer, médecin trop guérisseur, guérisseur trop médecin},
    journal = {Bulletin de la Société française d'hypnose},
    year = 1986,
    language = {français},
    keywords = {art-crh, crh-1986}
    }

@article{Tenenti496-1986,
    author = {Tenenti, Alberto},
    title = {La stampa e il mondo moderno. Dialogo con E. Eisenstein},
    journal = {Intersezioni},
    year = 1986,
    language = {italien},
    keywords = {art-crh, crh-1986}
    }

@article{Mane667-1986,
    author = {Mane, Perrine},
    title = {Comparaison de l'iconographie des calendriers enluminés et monumentaux en France, aux XIIe et XIIIe siècles},
    journal = {Cahiers de Civilisation Médiévale},
    year = 1986,
    language = {français},
    keywords = {art-crh, crh-1986}
    }

@article{Alexandre2075-1986,
    author = {Alexandre-Bidon, Danièle},
    title = {Le métier de potier en terre (XIIIe-XIXe siècles) : Histoire, Iconographie et Archéologie},
    journal = {Revue d'Archéologie Moderne et d'Archéologie générale},
    year = 1986,
    language = {français},
    keywords = {art-crh, crh-1986}
    }

@article{Alexandre2076-1986,
    author = {Alexandre-Bidon, Danièle},
    title = {L'archéologie à l'épreuve des médias : méthodes techniques et problématiques dans la Fiction et la Science Fiction},
    journal = {Revue d'Archéologie Moderne et d'Archéologie générale},
    year = 1986,
    language = {français},
    keywords = {art-crh, crh-1986}
    }

@article{Chase2190-1986,
    author = {Chase, Jane},
    title = {Serviteurs fugitifs et police des déplacements dans la province de New York au XVIIIe siècle},
    journal = {Revue d'Histoire Moderne et Contemporaine},
    year = 1986,
    language = {français},
    keywords = {art-crh, crh-1986}
    }

@article{Ducreux2229-1986,
    author = {Ducreux, Marie-Elisabeth},
    title = {L'hymnologie catholique tchèque de la Contre-Réforme},
    journal = {Jahrbuch für Liturgik und Hymnologie},
    year = 1986,
    language = {français},
    keywords = {art-crh, crh-1986}
    }

@article{Farge2256-1986,
    author = {Farge, Arlette and C. Dauphin-Mémeteau, and G.Fraisse and al.},
    title = {Culture et pouvoir des femmes : un essai d'historiographie},
    journal = {Annales E.S.C.},
    year = 1986,
    language = {français},
    keywords = {art-crh, crh-1986}
    }

@article{Fauve2264-1986,
    author = {Fauve-Chamoux, Antoinette},
    title = {La démographie historique polonaise vue de Paris, note critique},
    journal = {Przeszlosc Demograficzna Polski},
    year = 1986,
    language = {français},
    keywords = {art-crh, crh-1986}
    }

@article{Flandrin2285-1986,
    author = {Flandrin, Jean-Louis},
    title = {Regional Tastes and Cuisines : Problems, Documents and Discourses on Food in Southern France in the 16th and 17th Centuries},
    journal = {Food and Foodways},
    year = 1986,
    language = {anglais},
    keywords = {art-crh, crh-1986}
    }

@article{Halevi2356-1986,
    author = {Halevi, Ran-Yedid},
    title = {L'idée et l'évènement. Sur les origines intellectuelles de la Révolution française},
    journal = {Le Débat},
    year = 1986,
    language = {français},
    keywords = {art-crh, crh-1986}
    }

@article{Julliard2404-1986,
    author = {Julliard, Jacques},
    title = {Gouverner : les principes et la pratique},
    journal = {Le Débat},
    year = 1986,
    language = {français},
    keywords = {art-crh, crh-1986}
    }

@article{Mane2467-1986,
    author = {Mane, Perrine},
    title = {Dans le cochon, tout est bon !},
    journal = {L'Histoire},
    year = 1986,
    language = {français},
    keywords = {art-crh, crh-1986}
    }

@article{Pomian2565-1986,
    author = {Pomian, Krzysztof},
    title = {La terre calcinée d'Anselm Kiefer},
    journal = {Esprit},
    year = 1986,
    language = {français},
    keywords = {art-crh, crh-1986}
    }

@article{Schmitt2634-1986,
    author = {Schmitt, Jean-Claude},
    title = {Un medioevo imbarbarito},
    journal = {Quaderni Storici},
    year = 1986,
    language = {italien},
    keywords = {art-crh, crh-1986}
    }

@article{Schnapper2654-1986,
    author = {Schnapper, Dominique},
    title = {L'opinion publique et la Sécurité Sociale},
    journal = {Vingtième siècle},
    year = 1986,
    language = {français},
    keywords = {art-crh, crh-1986}
    }

@article{Alexandre2700-1986,
    author = {Alexandre-Bidon, Danièle},
    title = {Le vêtement de la prime enfance à la fin du Moyen Age. Usages, façons, doctrines},
    journal = {Ethnologie Française},
    year = 1986,
    language = {français},
    keywords = {art-crh, crh-1986}
    }

@article{Alexandre2701-1986,
    author = {Alexandre-Bidon, Danièle},
    title = {Du berceau au trotteur. Vie et moeurs familiales à travers les miniatures de la fin du Moyen Age},
    journal = {Bulletin de la Société Archéologique, Historique et Artistique Le Vieux Papier},
    year = 1986,
    language = {français},
    keywords = {art-crh, crh-1986}
    }

@article{Alexandre2702-1986,
    author = {Alexandre-Bidon, Danièle},
    title = {Abécédaires et alphabets éducatifs du XIIIe à la fin du XVIe siècle},
    journal = {Les Nouvelles de l'Estampe},
    year = 1986,
    language = {français},
    keywords = {art-crh, crh-1986}
    }

@article{Andreau2720-1986,
    author = {Andreau, Jean and R. Etienne},
    title = {Fernand Braudel, l'Antiquité et l'histoire ancienne},
    journal = {Quaderni Storia},
    year = 1986,
    language = {français},
    keywords = {art-crh, crh-1986}
    }

@article{Aymard2739-1986,
    author = {Aymard, Maurice},
    title = {La storia inquieta di Fernand Braudel},
    journal = {Passato e Presente},
    year = 1986,
    language = {italien},
    keywords = {art-crh, crh-1986}
    }

@article{Bardet2744-1986,
    author = {Bardet, Jean-Pierre and J. Dupâquier},
    title = {La contraception : les Français d'abord mais pourquoi ?},
    journal = {Communication},
    year = 1986,
    language = {français},
    keywords = {art-crh, crh-1986}
    }

@article{Baulant2753-1986,
    author = {Baulant, Micheline and S. Vari},
    title = {Du fil à l'armoire. Production et consommation du linge à Meaux et dans ses campagnes, XVIIe et XVIIIe siècles},
    journal = {Ethnologie française},
    year = 1986,
    language = {français},
    keywords = {art-crh, crh-1986}
    }

@article{Bavant2763-1986,
    author = {Bavant, Bernard},
    title = {Recherches sur l'architecture civile et militaire de Caricin Grad},
    journal = {Mélanges de l'Ecole Française de Rome, Moyen Age},
    year = 1986,
    language = {français},
    keywords = {art-crh, crh-1986}
    }

@article{Berlioz2790-1986,
    author = {Berlioz, Jacques},
    title = {La Vendetta del Mont Granier},
    journal = {Storia e dossier},
    year = 1986,
    language = {italien},
    keywords = {art-crh, crh-1986}
    }

@article{Berthe2809-1986,
    author = {Berthe, Jean-Pierre},
    title = {A l'origine des 'Relations pour la description des Indes' : les documents de 1577},
    journal = {Trace},
    year = 1986,
    language = {français},
    keywords = {art-crh, crh-1986}
    }

@article{Braunstein2838-1986,
    author = {Braunstein, Philippe},
    title = {Mines et métallurgie dans la France ancienne},
    journal = {Archeologia, Dossier : Archéologie et industrie},
    year = 1986,
    language = {français},
    keywords = {art-crh, crh-1986}
    }

@article{Braunstein2840-1986,
    author = {Braunstein, Philippe},
    title = {Marc Bloch revisité},
    journal = {Etudes rurales},
    year = 1986,
    language = {français},
    keywords = {art-crh, crh-1986}
    }

@article{Burguiere2856-1986,
    author = {Burguiere, André},
    title = {Pour une typologie des formes d'organisation domestique de l'Europe moderne, XVIe-XIXe siècles},
    journal = {Annales E.S.C.},
    year = 1986,
    language = {français},
    keywords = {art-crh, crh-1986}
    }

@article{Chartier2878-1986,
    author = {Chartier, Roger},
    title = {Lectures paysannes. La bibliothèque de l'enquête Grégoire},
    journal = {Dix-Huitième siècle},
    year = 1986,
    language = {français},
    keywords = {art-crh, crh-1986}
    }

@article{Chartier2879-1986,
    author = {Chartier, Roger},
    title = {Histoire intellectuelle, histoire culturelle},
    journal = {Zmanim},
    year = 1986,
    language = {hébreu},
    keywords = {art-crh, crh-1986}
    }

@article{Chartier2880-1986,
    author = {Chartier, Roger},
    title = {Le prattiche citadine dei prodotti a stampa (secoli XVII-XVIII)},
    journal = {Storia Urbana},
    year = 1986,
    language = {italien},
    keywords = {art-crh, crh-1986}
    }

@article{Chartier2882-1986,
    author = {Chartier, Roger},
    title = {Intellektuelle Geschichte und Geschichte der Mentalitäten},
    journal = {Freibeuter},
    year = 1986,
    language = {allemand},
    keywords = {art-crh, crh-1986}
    }

@article{Chase2918-1986,
    author = {Chase, Jane},
    title = {La police des déplacements dans la province de New York au XVIIIe siècle},
    journal = {Revue d'Histoire Moderne et Contemporaine},
    year = 1986,
    language = {français},
    keywords = {art-crh, crh-1986}
    }

@article{Chaussinand2925-1986,
    author = {Chaussinand-Nogaret, Guy},
    title = {Les élites dans la démocratie : l'épreuve de la Révolution française},
    journal = {Commentaires},
    year = 1986,
    language = {français},
    keywords = {art-crh, crh-1986}
    }

@article{Chaussinand2926-1986,
    author = {Chaussinand-Nogaret, Guy},
    title = {Le rôle de la noblesse dans l'évolution de la pensée constitutionnelle pendant la Révolution},
    journal = {Revue de Synthèse},
    year = 1986,
    language = {français},
    keywords = {art-crh, crh-1986}
    }

@article{Chaussinand2927-1986,
    author = {Chaussinand-Nogaret, Guy},
    title = {Cagliostro et la chute de l'Ancien Régime},
    journal = {L'Histoire},
    year = 1986,
    language = {français},
    keywords = {art-crh, crh-1986}
    }

@article{Daumard2946-1986,
    author = {Daumard, Adeline},
    title = {Généalogies sociales et étude de la dynamique des patrimoines},
    journal = {Bollettino di Informazione},
    year = 1986,
    language = {français},
    keywords = {art-crh, crh-1986}
    }

@article{Dauphin2951-1986,
    author = {Dauphin-Memeteau, Cécile and A. Farge and C.Klapisch-Zuber and G. Fraisse and al.},
    title = {Culture et pouvoir des femmes},
    journal = {Annales E.S.C.},
    year = 1986,
    language = {français},
    keywords = {art-crh, crh-1986}
    }

@article{Dauphin2952-1986,
    author = {Dauphin-Memeteau, Cécile},
    title = {Repères pour une histoire de la solitude},
    journal = {Informations sociales},
    year = 1986,
    language = {français},
    keywords = {art-crh, crh-1986}
    }

@article{Demelas2960-1986,
    author = {Demelas-Bohy, Marie-Danièle},
    title = {Bilan actuel de l'Eglise catholique dans les pays andins},
    journal = {Problèmes d'Amérique Latine},
    year = 1986,
    language = {français},
    keywords = {art-crh, crh-1986}
    }

@article{Demonet2968-1986,
    author = {Demonet, Michel},
    title = {L'activité de l'Inquisition de Tolède. Etude statistique, méthodes et premiers résultats},
    journal = {Annuario dell'Istituto Storico Italiano per l'età moderna e contemporanea},
    year = 1986,
    language = {français},
    keywords = {art-crh, crh-1986}
    }

@article{Derouet2970-1986,
    author = {Derouet, Bernard},
    title = {Système d'autorité et gestion des communautés familiales du Bourbonnais},
    journal = {Revue d'Auvergne},
    year = 1986,
    language = {français},
    keywords = {art-crh, crh-1986}
    }

@article{Ducreux2984-1986,
    author = {Ducreux, Marie-Elisabeth},
    title = {La situation religieuse dans les Pays Tchèques à la fin du XVIe siècle},
    journal = {Etudes Danubiennes},
    year = 1986,
    language = {français},
    keywords = {art-crh, crh-1986}
    }

@article{Dupaquier2992-1986,
    author = {Dupaquier, Jacques},
    title = {Les naturalisés français et leur destin, ou le melting-rot français de 1851 à 1939},
    journal = {Revue européenne des migrations internationales},
    year = 1986,
    language = {français},
    keywords = {art-crh, crh-1986}
    }

@article{Fauve3017-1986,
    author = {Fauve-Chamoux, Antoinette},
    title = {La femme seule, une réalité urbaine : l'exemple de Reims au début du XIXe siècle},
    journal = {Mémoires de la Société d'A.C.S.A. de la Marne},
    year = 1986,
    language = {français},
    keywords = {art-crh, crh-1986}
    }

@article{Fauve3018-1986,
    author = {Fauve-Chamoux, Antoinette},
    title = {Vieillesse et famille-souche},
    journal = {Annales de Démographie Historique 1985},
    year = 1986,
    language = {français},
    keywords = {art-crh, crh-1986}
    }

@article{Fauve3019-1986,
    author = {Fauve-Chamoux, Antoinette},
    title = {Informatique et démographie historique en Pologne, colloque de Varsovie},
    journal = {Annales de Démographie Historique 1985},
    year = 1986,
    language = {français},
    keywords = {art-crh, crh-1986}
    }

@article{Flandrin3032-1986,
    author = {Flandrin, Jean-Louis},
    title = {Et le beurre conquit la France},
    journal = {L'Histoire},
    year = 1986,
    language = {français},
    keywords = {art-crh, crh-1986}
    }

@article{Flandrin3033-1986,
    author = {Flandrin, Jean-Louis},
    title = {Pour une histoire du goût},
    journal = {L'Histoire},
    year = 1986,
    language = {français},
    keywords = {art-crh, crh-1986}
    }

@article{Flandrin3034-1986,
    author = {Flandrin, Jean-Louis},
    title = {Regional tastes and Cuisines : Problems, Documents, and Discourses on Food in Southern France in the 16th and 17th Centuries},
    journal = {Food and Foodways},
    year = 1986,
    language = {anglais},
    keywords = {art-crh, crh-1986}
    }

@article{Fontanon3049-1986,
    author = {Fontanon, Claudine},
    title = {La banlieue Nord-Est de Paris : structuration des zones d'emploi et de résidence (1890-1947)},
    journal = {Villes en parallèles},
    year = 1986,
    language = {français},
    keywords = {art-crh, crh-1986}
    }

@article{Nahoum3116-1986,
    author = {Nahoum-Grappe, Véronique},
    title = {L'odeur du nid},
    journal = {Autrement, L'intime},
    year = 1986,
    language = {français},
    keywords = {art-crh, crh-1986}
    }

@article{Nahoum3117-1986,
    author = {Nahoum-Grappe, Véronique},
    title = {Le marché de l'alcool : une question historique et sociale},
    journal = {Alcool et économie, Les Cahiers du C.N.D.A.},
    year = 1986,
    language = {français},
    keywords = {art-crh, crh-1986}
    }

@article{Guillou3153-1986,
    author = {Guillou, André},
    title = {La civiltà bizantina : oggetti e messaggio, Moneta ed economia, bilanci e contabilità},
    journal = {Centro di Studi Bizantini,},
    year = 1986,
    language = {italien},
    keywords = {art-crh, crh-1986}
    }

@article{Hartog3166-1986,
    author = {Hartog, François},
    title = {L'oeil de l'historien et la voix de l'histoire : Thierry, Michelet, Fustel de Coulanges},
    journal = {Communications},
    year = 1986,
    language = {français},
    keywords = {art-crh, crh-1986}
    }

@article{Hartog3173-1986,
    author = {Hartog, François},
    title = {Les Grecs égyptologues},
    journal = {Annales E.S.C.},
    year = 1986,
    language = {français},
    keywords = {art-crh, crh-1986}
    }

@article{Jeannin3184-1986,
    author = {Jeannin, Pierre and J. Hoock},
    title = {Une enquête en cours. La bibliographie analytique des manuels et traités à l'usage des marchands, 1470-1820},
    journal = {Histoire et mesure},
    year = 1986,
    language = {français},
    keywords = {art-crh, crh-1986}
    }

@article{Jouhaud3195-1986,
    author = {Jouhaud, Christian},
    title = {La haine publique (Paris 1652)},
    journal = {Nouvelle Revue de Psychanalyse},
    year = 1986,
    language = {français},
    keywords = {art-crh, crh-1986}
    }

@article{Jouhaud3196-1986,
    author = {Jouhaud, Christian},
    title = {Le duc et l'archevêque : action politique, représentations et pouvoir au temps de Richelieu},
    journal = {Annales E.S.C.},
    year = 1986,
    language = {français},
    keywords = {art-crh, crh-1986}
    }

@article{Julia3204-1986,
    author = {Julia, Dominique},
    title = {Expérience et histoire de l'autre chez Michel de Certeau},
    journal = {Le Discours psychanalytique},
    year = 1986,
    language = {français},
    keywords = {art-crh, crh-1986}
    }

@article{Julliard3235-1986,
    author = {Julliard, Jacques},
    title = {L'avenir syndical du socialisme (1898-1908)},
    journal = {Cahiers Georges Sorel},
    year = 1986,
    language = {français},
    keywords = {art-crh, crh-1986}
    }

@article{Julliard3236-1986,
    author = {Julliard, Jacques},
    title = {La bipolarisation},
    journal = {Cahiers Bernard Lazare},
    year = 1986,
    language = {français},
    keywords = {art-crh, crh-1986}
    }

@article{Julliard3237-1986,
    author = {Julliard, Jacques},
    title = {Les subventions dans le syndicalisme français},
    journal = {Cahiers Georges Sorel},
    year = 1986,
    language = {français},
    keywords = {art-crh, crh-1986}
    }

@article{Klapisch3247-1986,
    author = {Klapisch-Zuber, Christiane},
    title = {Quelques réflexions sur les rapports entre prosopographie et démographie historique},
    journal = {Medieval Lives and the Historian : Studies in Medieval Prosopography},
    year = 1986,
    language = {français},
    keywords = {art-crh, crh-1986}
    }

@article{Klapisch3248-1986,
    author = {Klapisch-Zuber, Christiane and C. Dauphin-Mémeteau and A.Farge and G.Fraisse and al.},
    title = {Culture et pouvoir des femmes : essai d'historiographie},
    journal = {Annales E.S.C.},
    year = 1986,
    language = {français},
    keywords = {art-crh, crh-1986}
    }

@article{Klapisch3249-1986,
    author = {Klapisch-Zuber, Christiane},
    title = {Il pubblico, il privato, l'intimità : Una introduzione},
    journal = {Ricerche Storiche},
    year = 1986,
    language = {italien},
    keywords = {art-crh, crh-1986}
    }

@article{Lagarce3258-1986,
    author = {Lagarce, Jacques},
    title = {Herstellung von Kupferrohbarren in Ras Ibn (Syrien)},
    journal = {Acta Praehistorica et Archaeologica},
    year = 1986,
    language = {allemand},
    keywords = {art-crh, crh-1986}
    }

@article{Pezerat3266-1986,
    author = {Pezerat-Lebrun, Pierrette and A. Farge and al. and G. Fraisse and al.},
    title = {Culture et pouvoir des femmes},
    journal = {Annales E.S.C.},
    year = 1986,
    language = {français},
    keywords = {art-crh, crh-1986}
    }

@article{LeGoff3269-1986,
    author = {Le Goff, Jacques},
    title = {Les limbes},
    journal = {Nouvelle Revue de Psychanalyse, L'attente},
    year = 1986,
    language = {français},
    keywords = {art-crh, crh-1986}
    }

@article{LeGoff3271-1986,
    author = {Le Goff, Jacques},
    title = {Le dossier de sainteté de Philippe Auguste},
    journal = {L'Histoire},
    year = 1986,
    language = {français},
    keywords = {art-crh, crh-1986}
    }

@article{LeMee3299-1986,
    author = {Le Mee, René},
    title = {Une affaire de 'faiseuses d'anges' à la fin du XIXe siècle},
    journal = {Communications},
    year = 1986,
    language = {français},
    keywords = {art-crh, crh-1986}
    }

@article{Lepetit3305-1986,
    author = {Lepetit, Bernard},
    title = {Espace et histoire. Hommage à Fernand Braudel},
    journal = {Annales E.S.C.},
    year = 1986,
    language = {français},
    keywords = {art-crh, crh-1986}
    }

@article{Lepetit3306-1986,
    author = {Lepetit, Bernard},
    title = {Sur les dénivellations de l'espace économique en France dans les années 1830},
    journal = {Annales E.S.C.},
    year = 1986,
    language = {français},
    keywords = {art-crh, crh-1986}
    }

@article{Lepetit3307-1986,
    author = {Lepetit, Bernard},
    title = {Réseau urbain et diffusion de l'innovation dans la France pré-industrielle : la création des caisses d'épargne (1818-1848)},
    journal = {History of European Ideas},
    year = 1986,
    language = {français},
    keywords = {art-crh, crh-1986}
    }

@article{Milo3325-1986,
    author = {Milo, Daniel},
    title = {The Culinary Character of Cinematic Language},
    journal = {Semiotica},
    year = 1986,
    language = {anglais},
    keywords = {art-crh, crh-1986}
    }

@article{Milo3326-1986,
    author = {Milo, Daniel},
    title = {Le phénix culturel : de la résurrection en histoire de l'art: l'exemple des peintres français, 1650-1750},
    journal = {Revue Française de Sociologie},
    year = 1986,
    language = {français},
    keywords = {art-crh, crh-1986}
    }

@article{Mouradian3334-1986,
    author = {Mouradian, Claire},
    title = {Conflits nationaux en Transcaucasie},
    journal = {L'Autre Europe},
    year = 1986,
    language = {français},
    keywords = {art-crh, crh-1986}
    }

@article{Perrot3375-1986,
    author = {Perrot, Jean-Claude},
    title = {La vieillesse en question},
    journal = {Annales de Démographie Historique},
    year = 1986,
    language = {français},
    keywords = {art-crh, crh-1986}
    }

@article{Pestre3383-1986,
    author = {Pestre, Dominique and J. Krige},
    title = {The choice of CERN's first large bubble chambers for the proton synchroton (1957-1958)},
    journal = {Historical Studies in the Physical and Biological Sciences},
    year = 1986,
    language = {anglais},
    keywords = {art-crh, crh-1986}
    }

@article{Pestre3384-1986,
    author = {Pestre, Dominique and J. Krige},
    title = {La naissance du CERN, le comment et le pourquoi},
    journal = {Relations internationales},
    year = 1986,
    language = {français},
    keywords = {art-crh, crh-1986}
    }

@article{Piponnier3413-1986,
    author = {Piponnier, Françoise},
    title = {Après le Moyen Age, survie et désertion d'un village castral (XVIe-XVIIIe siècles)},
    journal = {Revue d'archéologie moderne et d'archéologie générale},
    year = 1986,
    language = {français},
    keywords = {art-crh, crh-1986}
    }

@article{Podselver3423-1986,
    author = {Podselver, Laurence},
    title = {Le mouvement Lubavitch : déracinement et réinsertion des sépharades},
    journal = {Pardes},
    year = 1986,
    language = {français},
    keywords = {art-crh, crh-1986}
    }

@article{PoloDeBeaulieu3426-1986,
    author = {Polo De Beaulieu, Marie-Anne},
    title = {Etude statistique de la structure lexicale de l'exemplum médiéval (d'après la <Vvi>Scala coeli</Vvi> de Jean Gobi)},
    journal = {Histoire et Mesure},
    year = 1986,
    language = {français},
    keywords = {art-crh, crh-1986}
    }

@article{Pomian3430-1986,
    author = {Pomian, Krzysztof},
    title = {Collezione, specchio della cultura},
    journal = {Ateneo Veneto},
    year = 1986,
    language = {italien},
    keywords = {art-crh, crh-1986}
    }

@article{Pomian3431-1986,
    author = {Pomian, Krzysztof},
    title = {Pour une histoire des sémiophores. A propos des vases des Médicis},
    journal = {Le Genre Humain},
    year = 1986,
    language = {français},
    keywords = {art-crh, crh-1986}
    }

@article{Pomian3432-1986,
    author = {Pomian, Krzysztof},
    title = {De la comparaison dans l'histoire},
    journal = {Revue européenne des sciences sociales},
    year = 1986,
    language = {français},
    keywords = {art-crh, crh-1986}
    }

@article{Pomian3433-1986,
    author = {Pomian, Krzysztof},
    title = {Przestrzen i czas historii (l'espace et le temps de l'histoire)},
    journal = {Zeszyty Historyczne},
    year = 1986,
    language = {polonais},
    keywords = {art-crh, crh-1986}
    }

@article{Pomian3435-1986,
    author = {Pomian, Krzysztof and A. Finkielkraut and al.},
    title = {Existe-t-il une pensée 68 ?},
    journal = {Le Débat},
    year = 1986,
    language = {français},
    keywords = {art-crh, crh-1986}
    }

@article{Pomian3436-1986,
    author = {Pomian, Krzysztof},
    title = {Religion et politique en Pologne},
    journal = {Vingtième siècle. Revue d'Histoire},
    year = 1986,
    language = {français},
    keywords = {art-crh, crh-1986}
    }

@article{Pomian3437-1986,
    author = {Pomian, Krzysztof},
    title = {Europa i Narody},
    journal = {Widnokrag},
    year = 1986,
    language = {polonais},
    keywords = {art-crh, crh-1986}
    }

@article{Reberioux3476-1986,
    author = {Reberioux, Madeleine},
    title = {Les ouvriers du livre devant l'innovation technologique},
    journal = {Histoire, Economie et Société},
    year = 1986,
    language = {français},
    keywords = {art-crh, crh-1986}
    }

@article{Scherrer3499-1986,
    author = {Scherrer, Jutta},
    title = {Wie ein russischer Emigrant : zu den Aufzeichnungen von Paul Thorez},
    journal = {Merkur},
    year = 1986,
    language = {allemand},
    keywords = {art-crh, crh-1986}
    }

@article{Schmitt3522-1986,
    author = {Schmitt, Jean-Claude},
    title = {Les masques, le diable, les morts dans l'Occident médiéval},
    journal = {Razo},
    year = 1986,
    language = {français},
    keywords = {art-crh, crh-1986}
    }

@article{Schmitt3523-1986,
    author = {Schmitt, Jean-Claude},
    title = {L'église médiévale et l'argent},
    journal = {Journal des Caisses d'Epargne},
    year = 1986,
    language = {français},
    keywords = {art-crh, crh-1986}
    }

@article{Schnapper3550-1986,
    author = {Schnapper, Dominique},
    title = {Journalistes et sociologues},
    journal = {Commentaire},
    year = 1986,
    language = {français},
    keywords = {art-crh, crh-1986}
    }

@article{Schnapper3552-1986,
    author = {Schnapper, Dominique},
    title = {The Jews and political Modernity in France},
    journal = {The Jerusalem Quarterly},
    year = 1986,
    language = {anglais},
    keywords = {art-crh, crh-1986}
    }

@article{Sigaut3573-1986,
    author = {Sigaut, François},
    title = {Moulins, industrie et sociétés},
    journal = {Culture technique},
    year = 1986,
    language = {français},
    keywords = {art-crh, crh-1986}
    }

@article{Sigaut3574-1986,
    author = {Sigaut, François and J.-P. Bourdon},
    title = {Petite enquête sur un outil : l'ébarbeur à orge en Normandie},
    journal = {Bulletin de l'Association Française des Musées d'Agriculture},
    year = 1986,
    language = {français},
    keywords = {art-crh, crh-1986}
    }

@article{Sigaut3575-1986,
    author = {Sigaut, François},
    title = {Un point de vue d'ethno-historien},
    journal = {Annales d'Histoire des Enseignements Agricoles},
    year = 1986,
    language = {français},
    keywords = {art-crh, crh-1986}
    }

@article{Valensi3591-1986,
    author = {Valensi, Lucette},
    title = {La Tour de Babel. Groupes et relations ethniques au Moyen Orient et en Afrique du Nord},
    journal = {Annales E.S.C. Sociétés plurielles},
    year = 1986,
    language = {français},
    keywords = {art-crh, crh-1986}
    }

@book{Favre2265-1986,
    author = {Favre-Lejeune, Christine},
    title = {Les Secrétaires du Roi de la Grande Chancellerie de France (1672-1789)},
    publisher = {Editions Sédopols},
    series = {},
    location = {Paris},
    year = 1986,
    pagetotal = {},
    language = {français},
    keywords = {book-crh, crh-1986}
    }

@book{Furet2308-1986,
    author = {Furet, François},
    title = {Marx et la Révolution française},
    publisher = {Flammarion},
    series = {},
    location = {Paris},
    year = 1986,
    pagetotal = {},
    language = {français},
    keywords = {book-crh, crh-1986}
    }

@book{Sigaut2667-1986,
    author = {Sigaut, François},
    title = {Les réserves de grains à long terme. Techniques de conservation et fonctions sociales dans l'histoire},
    publisher = {Editions de la M.S.H. et des Presses Universitaires de Lille},
    series = {},
    location = {Paris/Lille},
    year = 1986,
    pagetotal = {},
    language = {français},
    keywords = {book-crh, crh-1986}
    }

@book{Bergeron2779-1986,
    author = {Bergeron, Louis and M. Roncayolo and C. Olmo},
    title = {Nove Lezioni di storia della Città},
    publisher = {CELID},
    series = {},
    location = {Torino},
    year = 1986,
    pagetotal = {},
    language = {italien},
    keywords = {book-crh, crh-1986}
    }

@book{Chaussinand2924-1986,
    author = {Chaussinand-Nogaret, Guy},
    title = {Mirabeau entre le roi et la Révolution},
    publisher = {Hachette},
    series = {},
    location = {Paris},
    year = 1986,
    pagetotal = {},
    language = {français},
    keywords = {book-crh, crh-1986}
    }

@book{Farge3010-1986,
    author = {Farge, Arlette},
    title = {La Vie Fragile, pouvoirs, violence et solidarités à Paris au XVIIIe siècle},
    publisher = {Hachette},
    series = {},
    location = {Paris},
    year = 1986,
    pagetotal = {},
    language = {français},
    keywords = {book-crh, crh-1986}
    }

@book{Froeschle3068-1986,
    author = {Froeschle-Chopard, Marie-Hélène},
    title = {Atlas de la Réforme pastorale en France de 1550 à 1790},
    publisher = {CNRS},
    series = {},
    location = {Paris},
    year = 1986,
    pagetotal = {},
    language = {français},
    keywords = {book-crh, crh-1986}
    }

@book{Furet3091-1986,
    author = {Furet, François},
    title = {La Gauche et la révolution au milieu du XIXe siècle, Edgar Quinet et la question du jacobinisme, 1865-1870},
    publisher = {Hachette},
    series = {},
    location = {Paris},
    year = 1986,
    pagetotal = {},
    language = {français},
    keywords = {book-crh, crh-1986}
    }

@book{Green3135-1986,
    author = {Green, Nancy},
    title = {The Pletzl of Paris},
    publisher = {Holmes \& Meyer},
    series = {},
    location = {New York},
    year = 1986,
    pagetotal = {},
    language = {anglais},
    keywords = {book-crh, crh-1986}
    }

@book{Lagarce3259-1986,
    author = {Lagarce, Jacques and E. Lagarce and J.-C. Courtois},
    title = {Enkomi et le Bronze Récent à Chypre},
    publisher = {A.-G. Leventis Foundation},
    series = {},
    location = {Nicosie},
    year = 1986,
    pagetotal = {},
    language = {français},
    keywords = {book-crh, crh-1986}
    }

@book{LeGoff3268-1986,
    author = {Le Goff, Jacques},
    title = {La Bourse et la Vie},
    publisher = {Hachette},
    series = {},
    location = {Paris},
    year = 1986,
    pagetotal = {},
    language = {français},
    keywords = {book-crh, crh-1986}
    }

@book{Ozouf3357-1986,
    author = {Ozouf, Jacques and M. Ozouf},
    title = {La forteresse enseignante, la Fédération de l'Education Nationale},
    publisher = {Fayard},
    series = {},
    location = {Paris},
    year = 1986,
    pagetotal = {},
    language = {français},
    keywords = {book-crh, crh-1986}
    }

@book{Pestre3382-1986,
    author = {Pestre, Dominique and F. Balibar},
    title = {La science au coeur de l'histoire contemporaine de 1945 à nos jours},
    publisher = {Documentation Photographique n° 6081},
    series = {},
    location = {Paris},
    year = 1986,
    pagetotal = {},
    language = {français},
    keywords = {book-crh, crh-1986}
    }

@book{Valensi3588-1986,
    author = {Valensi, Lucette and N. Wachtel},
    title = {Mémoires juives},
    publisher = {Gallimard},
    series = {},
    location = {Paris},
    year = 1986,
    pagetotal = {},
    language = {français},
    keywords = {book-crh, crh-1986}
    }

@book{Vincent3604-1986,
    author = {Vincent, Bernard},
    title = {Etat et Eglise dans la genèse de l'état moderne},
    publisher = {Casa de Velazquez},
    series = {},
    location = {Madrid},
    year = 1986,
    pagetotal = {},
    language = {français},
    keywords = {book-crh, crh-1986}
    }

@inproceedings{Braunstein7-1986,
    author = {Braunstein, Philippe},
    editor = {X.Barral},
    title = {Les salaires sur les chantiers monumentaux du Milanais à la fin du XIVe siècles},
    booktitle = {Actes du Colloque Artistes, artisans et production artistique au Moyen Age, t. I - Les hommes, Rennes 1983},
    publisher = {},
    location = {Rennes},
    year = 1986,
    pagetotal = {10},
    language = {français},
    keywords = {inproceedings-crh, crh-1986}
    }

@inproceedings{Braunstein24-1986,
    author = {Braunstein, Philippe},
    editor = {},
    title = {Les mines anciennes entre Lyonnais et Briançonnais : bilan et perpectives de recherches},
    booktitle = {Actes du 108e Congrès National des Sociétés Savantes Les ressources minérales et l'histoire de leur exploitation, Grenoble 1983},
    publisher = {},
    location = {Paris},
    year = 1986,
    pagetotal = {13},
    language = {français},
    keywords = {inproceedings-crh, crh-1986}
    }

@inproceedings{Beutler129-1986,
    author = {Beutler, Corinne},
    editor = {J. Goy and J.-P. Vallot},
    title = {Le rôle des moulins banaux du Séminaire de Saint-Sulpice à Montréal entre la campagne et la ville, 1790-1840},
    booktitle = {Evolution et éclatement du monde rural. France-Québec XVIIe-XIXe siècles. Actes du colloque franco-québécois d'histoire comparée, Rochefort, 1982},
    publisher = {EHESS-PUM},
    location = {Paris-Montréal},
    year = 1986,
    pagetotal = {16},
    language = {français},
    keywords = {inproceedings-crh, crh-1986}
    }

@inproceedings{Peter140-1986,
    author = {Peter, Jean-Pierre},
    editor = {},
    title = {Critique historique de l'éducation pour la santé},
    booktitle = {Actes du Colloque du Comité Français d'Education pour la Santé, Paris 1986},
    publisher = {},
    location = {Paris},
    year = 1986,
    pagetotal = {6},
    language = {français},
    keywords = {inproceedings-crh, crh-1986}
    }

@inproceedings{Piponnier196-1986,
    author = {Piponnier, Françoise and M. Couturier},
    editor = {},
    title = {Les maisons fortes dans les hiérarchies des forteresses foréziennes},
    booktitle = {Actes de la Table Ronde La maison forte au Moyen Age, Nancy pont-à-Mousson, 1984},
    publisher = {},
    location = {Paris},
    year = 1986,
    pagetotal = {10},
    language = {français},
    keywords = {inproceedings-crh, crh-1986}
    }

@inproceedings{Sinarellis230-1986,
    author = {Sinarellis, Maroula},
    editor = {},
    title = {La politique de l'Etat grec pour la construction d'un réseau routier moderne (1833-1883)},
    booktitle = {Actes du IIe Colloque international d'Histoire, Athènes, 1983},
    publisher = {Fondation nationale de la recherche scientifique},
    location = {Athènes},
    year = 1986,
    pagetotal = {},
    language = {français},
    keywords = {inproceedings-crh, crh-1986}
    }

@inproceedings{Guillou275-1986,
    author = {Guillou, André},
    editor = {},
    title = {Bisanzio, Roma e l'Italia nell'Alto Medioevo},
    booktitle = {Atti della Settima di studio del Centro italiano di studi sull'Alto Medioevo},
    publisher = {},
    location = {Spoleto},
    year = 1986,
    pagetotal = {23},
    language = {italien},
    keywords = {inproceedings-crh, crh-1986}
    }

@inproceedings{Sinarellis309-1986,
    author = {Sinarellis, Maroula},
    editor = {},
    title = {Réseau routier et Etat grec},
    booktitle = {Actes du Colloque international d'Histoire, Athènes 1984},
    publisher = {Association d'Etudes Néohelléniques},
    location = {Athènes},
    year = 1986,
    pagetotal = {},
    language = {français},
    keywords = {inproceedings-crh, crh-1986}
    }

@inproceedings{Julia345-1986,
    author = {Julia, Dominique},
    editor = {},
    title = {Frontières étatiques, clivages confessionnels et cloisonnements intellectuels dans l'Europe des XVIe-XVIIe siècles},
    booktitle = {Actes du Colloque Etat et Eglise dans la genèse de l'Etat moderne, 1984},
    publisher = {Casa de Velazquez},
    location = {Madrid},
    year = 1986,
    pagetotal = {12},
    language = {français},
    keywords = {inproceedings-crh, crh-1986}
    }

@inproceedings{Julia376-1986,
    author = {Julia, Dominique},
    editor = {},
    title = {Système bénéficial et carrières ecclésiastiques dans la France d'Ancien Régime},
    booktitle = {Actes des Journées Historiens et Sociologues aujourd'hui, Université de Lille I, 1984},
    publisher = {CNRS},
    location = {Paris},
    year = 1986,
    pagetotal = {29},
    language = {français},
    keywords = {inproceedings-crh, crh-1986}
    }

@inproceedings{Velay436-1986,
    author = {Velay-Vallantin, Catherine},
    editor = {},
    title = {Du renoncement à la présence 'dans le siècle' : le récit hagiographique dans la littérature de colportage (XVIIe-XVIIIe siècles)},
    booktitle = {Actes du Colloque Legenda Aurea. Sept siècles de diffusion},
    publisher = {Bellarmin-Vrin},
    location = {Montréal-Paris},
    year = 1986,
    pagetotal = {16},
    language = {français},
    keywords = {inproceedings-crh, crh-1986}
    }

@inproceedings{Pasquet520-1986,
    author = {Pasquet, Yvonne},
    editor = {J. Goy and J.-P. Vallot},
    title = {Alphabétisation et religion en Charente à l'aube de la IIIe République},
    booktitle = {Evolution et éclatement du monde rural. France-Québec XVIIe-XIXe siècles. Actes du colloque franco-québécois d'histoire comparée, Rochefort, 1982},
    publisher = {EHESS-PUM},
    location = {Paris-Montréal},
    year = 1986,
    pagetotal = {},
    language = {français},
    keywords = {inproceedings-crh, crh-1986}
    }

@inproceedings{Nahoum539-1986,
    author = {Nahoum-Grappe, Véronique},
    editor = {},
    title = {Ennui et migration : pourquoi partir},
    booktitle = {Le migrant, Actes du colloque d'Aurillac, 1986},
    publisher = {},
    location = {Aurillac},
    year = 1986,
    pagetotal = {14},
    language = {français},
    keywords = {inproceedings-crh, crh-1986}
    }

@inproceedings{Aymard713-1986,
    author = {Aymard, Maurice},
    editor = {},
    title = {L'Italia-Mondo},
    booktitle = {Braudel e l'Italia, Atti del convegno di Studi nel 1e anniversario della morte di Fernand Braudel, Prato, novembre 1986},
    publisher = {},
    location = {Prato},
    year = 1986,
    pagetotal = {},
    language = {italien},
    keywords = {inproceedings-crh, crh-1986}
    }

@inproceedings{Aymard716-1986,
    author = {Aymard, Maurice},
    editor = {},
    title = {Pour une histoire des élites dans l'Italie moderne},
    booktitle = {Atti del convegno internazionale La famiglia e la vita quotidiana in Europa dal'400 al'600, Milan, décembre 1983},
    publisher = {},
    location = {Rome},
    year = 1986,
    pagetotal = {13},
    language = {français},
    keywords = {inproceedings-crh, crh-1986}
    }

@inproceedings{LeGoff732-1986,
    author = {Le Goff, Jacques},
    editor = {},
    title = {Le roi enfant dans l'idéologie monarchique de l'Occident médiéval},
    booktitle = {Actes du Colloque Historicité de l'enfance et de la jeunesse, Athènes 1986},
    publisher = {},
    location = {Athènes},
    year = 1986,
    pagetotal = {20},
    language = {français},
    keywords = {inproceedings-crh, crh-1986}
    }

@inproceedings{Desaive742-1986,
    author = {Desaive, Jean-Paul},
    editor = {J. Goy and J.-P. Wallot},
    title = {Patrimoine, généalogie et centième denier},
    booktitle = {Evolution et éclatement du monde rural. France-Québec, XVIIe-XIXe siècles. Actes du colloque franco-québécois d'histoire comparée, Rochefort, 1982},
    publisher = {EHESS-PUM},
    location = {Paris-Montréal},
    year = 1986,
    pagetotal = {},
    language = {français},
    keywords = {inproceedings-crh, crh-1986}
    }

@inproceedings{Debert787-1986,
    author = {Debert, Aline},
    editor = {},
    title = {Quelques références sur quatre pélerinages prémontrés français (Benoîtevaux, Sélincourt, Braine, Sarrance)},
    booktitle = {Actes officiels du 11e Colloque du Centre d'Etudes et de Recherches Prémontrées},
    publisher = {CERP},
    location = {Amiens},
    year = 1986,
    pagetotal = {11},
    language = {français},
    keywords = {inproceedings-crh, crh-1986}
    }

@inproceedings{Debert791-1986,
    author = {Debert, Aline},
    editor = {},
    title = {Le pélerinage de Benoîte-Vaux},
    booktitle = {Actes officiels du 11e Colloque du Centre d'Etudes et de Recherches Prémontrées},
    publisher = {CERP},
    location = {Amiens},
    year = 1986,
    pagetotal = {6},
    language = {français},
    keywords = {inproceedings-crh, crh-1986}
    }

@inproceedings{Berlioz1865-1986,
    author = {Berlioz, Jacques},
    editor = {},
    title = {Les ordalies dans les exempla de la confession (XIIIe-XIVe siècles)},
    booktitle = {Actes de la Table ronde L'Aveu. Antiquité et Moyen Age, Rome 1984},
    publisher = {},
    location = {Rome},
    year = 1986,
    pagetotal = {26},
    language = {français},
    keywords = {inproceedings-crh, crh-1986}
    }

@inproceedings{Alexandre2068-1986,
    author = {Alexandre-Bidon, Danièle and M. Closson},
    editor = {},
    title = {Scènes de la vie d'artiste: outils de travail et organisation professionnelle, à travers les manuscrits enluminés},
    booktitle = {Actes du colloque Artistes, artisans et production artistique au moyen âge},
    publisher = {},
    location = {Rennes},
    year = 1986,
    pagetotal = {14},
    language = {français},
    keywords = {inproceedings-crh, crh-1986}
    }

@inproceedings{Chartier2292-1986,
    author = {Chartier, Roger},
    editor = {},
    title = {Livres bleus et lectures populaires, mi-XVIIe siècle/début XIXe siècles},
    booktitle = {Actas del Coloquio Culturales populares. Diferencias, divergencias, conflictos, Madrid, 1983},
    publisher = {Casa de Velazquez- Universidad Complutense},
    location = {Madrid},
    year = 1986,
    pagetotal = {20},
    language = {français},
    keywords = {inproceedings-crh, crh-1986}
    }

@inproceedings{Froeschle2293-1986,
    author = {Froeschle-Chopard, Marie-Hélène},
    editor = {},
    title = {L'évènement Vatican II : étude iconographique},
    booktitle = {Actes du colloque d'Aix-en-Provence, 16-18 septembre 1983, L'Evènement},
    publisher = {Jeanne Laffitte},
    location = {Marseille},
    year = 1986,
    pagetotal = {17},
    language = {français},
    keywords = {inproceedings-crh, crh-1986}
    }

@inproceedings{Hemardinquer2357-1986,
    author = {Hemardinquer, Jean-Jacques},
    editor = {},
    title = {Patrin ou les rêves d'un minéralogiste},
    booktitle = {Actes du 108e congrès national des sociétés savantes},
    publisher = {},
    location = {Paris},
    year = 1986,
    pagetotal = {17},
    language = {français},
    keywords = {inproceedings-crh, crh-1986}
    }

@inproceedings{Bergeron2778-1986,
    author = {Bergeron, Louis},
    editor = {P.Butel and L.M.Cullen},
    title = {La place des marchands et des négociants dans la croissance de la ville : Paris aux XVIIIe et XIXe siècles},
    booktitle = {Proceedings of the fourth franco-Irish seminar of social and economic historians, Cities and Merchants : French and Irish Perspectives on Urban Development, 1500-1900},
    publisher = {},
    location = {Dublin},
    year = 1986,
    pagetotal = {10},
    language = {français},
    keywords = {inproceedings-crh, crh-1986}
    }

@inproceedings{Burguiere2855-1986,
    author = {Burguiere, André},
    editor = {},
    title = {Groupe d'immigrants ou minorité religieuse ? Les juifs à Paris au XVIIIe siècle},
    booktitle = {Actes du Colloque d'Aurillac, 1986, Le Migrant},
    publisher = {},
    location = {},
    year = 1986,
    pagetotal = {18},
    language = {français},
    keywords = {inproceedings-crh, crh-1986}
    }

@inproceedings{Froeschle3084-1986,
    author = {Froeschle-Chopard, Marie-Hélène},
    editor = {},
    title = {Les pénitents et la rupture révolutionnaire},
    booktitle = {Actes du Colloque de Chantilly Pratiques religieuses dans l'Europe révolutionnaire 1770-1820},
    publisher = {},
    location = {},
    year = 1986,
    pagetotal = {13},
    language = {français},
    keywords = {inproceedings-crh, crh-1986}
    }

@inproceedings{Guillou3157-1986,
    author = {Guillou, André},
    editor = {},
    title = {La liberté de l'homme dans le monde byzantin},
    booktitle = {Les Libertés au Moyen Age. Festival d'Histoire de Montbrison},
    publisher = {},
    location = {Montbrison},
    year = 1986,
    pagetotal = {4},
    language = {français},
    keywords = {inproceedings-crh, crh-1986}
    }

@inproceedings{Guillou3159-1986,
    author = {Guillou, André},
    editor = {},
    title = {La vie quotidienne à la haute époque byzantine. Une réflexion lexicographique},
    booktitle = {Congrès International Byzantin},
    publisher = {},
    location = {},
    year = 1986,
    pagetotal = {22},
    language = {français},
    keywords = {inproceedings-crh, crh-1986}
    }

@inproceedings{Klapisch3246-1986,
    author = {Klapisch-Zuber, Christiane},
    editor = {},
    title = {Du pinceau à l'écritoire : Les <Vvi>ricordenze</Vvi> d'un peintre florentin du XVe siècle},
    booktitle = {Actes du Colloque Artistes, artisans et production artistique au Moyen Age},
    publisher = {},
    location = {Rennes},
    year = 1986,
    pagetotal = {9},
    language = {français},
    keywords = {inproceedings-crh, crh-1986}
    }

@inproceedings{Peter3396-1986,
    author = {Peter, Jean-Pierre},
    editor = {},
    title = {Représentations de la maladie : l'approche historique et l'approche anthropologique},
    booktitle = {Actes du colloque Médecines du monde},
    publisher = {Ministère des Affaires sociales},
    location = {Paris},
    year = 1986,
    pagetotal = {5},
    language = {français},
    keywords = {inproceedings-crh, crh-1986}
    }

@inproceedings{Chapelot3438-1986,
    author = {Chapelot, Odette},
    editor = {D.Deroeux},
    title = {Les tuileries ducales en Bourgogne (XIVe-XVe) : l'apport des textes à la connaissance des bâtiments},
    booktitle = {Actes du Colloque Terres cuites architecturales au Moyen Age, Arras 1986},
    publisher = {},
    location = {Arras},
    year = 1986,
    pagetotal = {11},
    language = {français},
    keywords = {inproceedings-crh, crh-1986}
    }

@inproceedings{Schnapper3551-1986,
    author = {Schnapper, Dominique},
    editor = {},
    title = {Modernité et acculturations : le cas des travailleurs immigrés},
    booktitle = {},
    publisher = {},
    location = {},
    year = 1986,
    pagetotal = {28},
    language = {français},
    keywords = {inproceedings-crh, crh-1986}
    }

@inproceedings{Mane4354-1986,
    author = {Mane, Perrine},
    editor = {},
    title = {Le travail au Moyen-Age : comparaison entre le texte de l'Ancien Testament et les enluminures d'une Bible Moralisée},
    booktitle = {Actes du colloque de centre d'études médiévales, L'image au Moyen-Age},
    publisher = {},
    location = {Paris},
    year = 1986,
    pagetotal = {14},
    language = {français},
    keywords = {inproceedings-crh, crh-1986}
    }

@inproceedings{Braunstein5617-1986,
    author = {Braunstein, Philippe},
    editor = {},
    title = {Les techniciens et le pouvoir à la fin du Moyen Age : Une direction de recherche},
    booktitle = {Actes de la Table Ronde Prosopographie et genèse de l'Etat moderne, Paris 1984},
    publisher = {ENS de jeunes filles},
    location = {Paris},
    year = 1986,
    pagetotal = {7},
    language = {français},
    keywords = {inproceedings-crh, crh-1986}
    }

@inreference{Burguiere2155-1986,
    author = {Burguiere, André},
    editor = {A. Burguiere},
    title = {Anthropologie historique},
    booktitle = {Dictionnaire des Sciences Historiques},
    publisher = {PUF},
    series = {},
    location = {Paris},
    year = 1986,
    pagetotal = {},
    language = {français},
    keywords = {dict-crh, crh-1986}
    }

@inreference{Burguiere2156-1986,
    author = {Burguiere, André},
    editor = {A. Burguiere},
    title = {Alimentation},
    booktitle = {Dictionnaire des Sciences Historiques},
    publisher = {PUF},
    series = {},
    location = {Paris},
    year = 1986,
    pagetotal = {},
    language = {français},
    keywords = {dict-crh, crh-1986}
    }

@inreference{Burguiere2157-1986,
    author = {Burguiere, André},
    editor = {A. Burguiere},
    title = {Annales (Ecole des)},
    booktitle = {Dictionnaire des Sciences Historiques},
    publisher = {PUF},
    series = {},
    location = {Paris},
    year = 1986,
    pagetotal = {},
    language = {français},
    keywords = {dict-crh, crh-1986}
    }

@inreference{Burguiere2158-1986,
    author = {Burguiere, André},
    editor = {A. Burguiere},
    title = {Bloch (Marc)},
    booktitle = {Dictionnaire des Sciences Historiques},
    publisher = {PUF},
    series = {},
    location = {Paris},
    year = 1986,
    pagetotal = {},
    language = {français},
    keywords = {dict-crh, crh-1986}
    }

@inreference{Burguiere2159-1986,
    author = {Burguiere, André},
    editor = {A. Burguiere},
    title = {Ariès (Philippe)},
    booktitle = {Dictionnaire des Sciences Historiques},
    publisher = {PUF},
    series = {},
    location = {Paris},
    year = 1986,
    pagetotal = {},
    language = {français},
    keywords = {dict-crh, crh-1986}
    }

@inreference{Burguiere2160-1986,
    author = {Burguiere, André},
    editor = {A. Burguiere},
    title = {Elias (Norbert)},
    booktitle = {Dictionnaire des Sciences Historiques},
    publisher = {PUF},
    series = {},
    location = {Paris},
    year = 1986,
    pagetotal = {},
    language = {français},
    keywords = {dict-crh, crh-1986}
    }

@inreference{Burguiere2161-1986,
    author = {Burguiere, André},
    editor = {A. Burguiere},
    title = {Famille},
    booktitle = {Dictionnaire des Sciences Historiques},
    publisher = {PUF},
    series = {},
    location = {Paris},
    year = 1986,
    pagetotal = {},
    language = {français},
    keywords = {dict-crh, crh-1986}
    }

@inreference{Burguiere2162-1986,
    author = {Burguiere, André},
    editor = {A. Burguiere},
    title = {Tocqueville (Alexis de)},
    booktitle = {Dictionnaire des Sciences Historiques},
    publisher = {PUF},
    series = {},
    location = {Paris},
    year = 1986,
    pagetotal = {},
    language = {français},
    keywords = {dict-crh, crh-1986}
    }

@inreference{Farge2250-1986,
    author = {Farge, Arlette},
    editor = {A. Burguiere},
    title = {Violence},
    booktitle = {Dictionnaire des Sciences Historiques},
    publisher = {PUF},
    series = {},
    location = {Paris},
    year = 1986,
    pagetotal = {},
    language = {français},
    keywords = {dict-crh, crh-1986}
    }

@inreference{Farge2251-1986,
    author = {Farge, Arlette},
    editor = {A. Burguiere},
    title = {Marginaux},
    booktitle = {Dictionnaire des Sciences Historiques},
    publisher = {PUF},
    series = {},
    location = {Paris},
    year = 1986,
    pagetotal = {},
    language = {français},
    keywords = {dict-crh, crh-1986}
    }

@inreference{Fridenson2300-1986,
    author = {Fridenson, Patrick},
    editor = {J. Maitron},
    title = {Hyacinthe Dubreuil},
    booktitle = {Dictionnaire biographique du mouvement ouvrier français},
    publisher = {},
    series = {},
    location = {},
    year = 1986,
    pagetotal = {4},
    language = {français},
    keywords = {dict-crh, crh-1986}
    }

@inreference{Klapisch2421-1986,
    author = {Klapisch-Zuber, Christiane},
    editor = {A. Burguiere},
    title = {Histoire de la femme},
    booktitle = {Dictionnaire des sciences historiques},
    publisher = {PUF},
    series = {},
    location = {Paris},
    year = 1986,
    pagetotal = {},
    language = {français},
    keywords = {dict-crh, crh-1986}
    }

@inreference{LeGoff2441-1986,
    author = {Le Goff, Jacques},
    editor = {A. Burguiere},
    title = {Maurice Lombard},
    booktitle = {Dictionnaire des Sciences Historiques},
    publisher = {PUF},
    series = {},
    location = {Paris},
    year = 1986,
    pagetotal = {},
    language = {français},
    keywords = {dict-crh, crh-1986}
    }

@inreference{LeGoff2442-1986,
    author = {Le Goff, Jacques},
    editor = {A. Burguiere},
    title = {Huizinga},
    booktitle = {Dictionnaire des Sciences Historiques},
    publisher = {PUF},
    series = {},
    location = {Paris},
    year = 1986,
    pagetotal = {},
    language = {français},
    keywords = {dict-crh, crh-1986}
    }

@inreference{Revel2604-1986,
    author = {Revel, Jacques},
    editor = {A. Burguiere},
    title = {Mentalités},
    booktitle = {Dictionnaire des Sciences Historiques},
    publisher = {PUF},
    series = {},
    location = {Paris},
    year = 1986,
    pagetotal = {},
    language = {français},
    keywords = {dict-crh, crh-1986}
    }

@inreference{Revel2607-1986,
    author = {Revel, Jacques},
    editor = {A. Burguiere},
    title = {Outillage mental},
    booktitle = {Dictionnaire des Sciences Historiques},
    publisher = {PUF},
    series = {},
    location = {Paris},
    year = 1986,
    pagetotal = {2},
    language = {français},
    keywords = {dict-crh, crh-1986}
    }

@inreference{Revel2608-1986,
    author = {Revel, Jacques},
    editor = {A. Burguiere},
    title = {Febvre},
    booktitle = {Dictionnaire des Sciences Historiques},
    publisher = {PUF},
    series = {},
    location = {Paris},
    year = 1986,
    pagetotal = {},
    language = {français},
    keywords = {dict-crh, crh-1986}
    }

@inreference{Vincent2689-1986,
    author = {Vincent, Bernard},
    editor = {A. Burguiere},
    title = {Histoire espagnole},
    booktitle = {Dictionnaire des Sciences Historiques},
    publisher = {PUF},
    series = {},
    location = {Paris},
    year = 1986,
    pagetotal = {},
    language = {français},
    keywords = {dict-crh, crh-1986}
    }

@inreference{Vincent2690-1986,
    author = {Vincent, Bernard},
    editor = {A. Burguiere},
    title = {histoire des révoltes},
    booktitle = {Dictionnaire des Sciences Historiques},
    publisher = {PUF},
    series = {},
    location = {Paris},
    year = 1986,
    pagetotal = {},
    language = {français},
    keywords = {dict-crh, crh-1986}
    }

@inreference{Vincent2691-1986,
    author = {Vincent, Bernard},
    editor = {A. Burguiere},
    title = {Vicens Vives},
    booktitle = {Dictionnaire des Sciences Historiques},
    publisher = {PUF},
    series = {},
    location = {Paris},
    year = 1986,
    pagetotal = {},
    language = {français},
    keywords = {dict-crh, crh-1986}
    }

@inreference{Andreau2715-1986,
    author = {Andreau, Jean},
    editor = {},
    title = {Epigraphie},
    booktitle = {Dictionnaire des Sciences Historiques},
    publisher = {PUF},
    series = {},
    location = {paris},
    year = 1986,
    pagetotal = {3},
    language = {français},
    keywords = {dict-crh, crh-1986}
    }

@inreference{Andreau2716-1986,
    author = {Andreau, Jean},
    editor = {},
    title = {Numismatique},
    booktitle = {Dictionnaire des Sciences Historiques},
    publisher = {PUF},
    series = {},
    location = {Paris},
    year = 1986,
    pagetotal = {2},
    language = {français},
    keywords = {dict-crh, crh-1986}
    }

@inreference{Andreau2717-1986,
    author = {Andreau, Jean},
    editor = {},
    title = {Prosopographie},
    booktitle = {Dictionnaire des Sciences Historiques},
    publisher = {PUF},
    series = {},
    location = {Paris},
    year = 1986,
    pagetotal = {3},
    language = {français},
    keywords = {dict-crh, crh-1986}
    }

@inreference{Andreau2718-1986,
    author = {Andreau, Jean},
    editor = {},
    title = {Rome},
    booktitle = {Dictionnaire des Sciences Historiques},
    publisher = {PUF},
    series = {},
    location = {Paris},
    year = 1986,
    pagetotal = {3},
    language = {français},
    keywords = {dict-crh, crh-1986}
    }

@inreference{Andreau2719-1986,
    author = {Andreau, Jean},
    editor = {},
    title = {Tite-Live},
    booktitle = {Dictionnaire des Sciences Historiques},
    publisher = {PUF},
    series = {},
    location = {Paris},
    year = 1986,
    pagetotal = {2},
    language = {français},
    keywords = {dict-crh, crh-1986}
    }

@inreference{Bavant2762-1986,
    author = {Bavant, Bernard},
    editor = {},
    title = {Damiano, santo},
    booktitle = {Dizionario Biografico degli Italiani},
    publisher = {},
    series = {},
    location = {},
    year = 1986,
    pagetotal = {6},
    language = {italien},
    keywords = {dict-crh, crh-1986}
    }

@inreference{Bourdelais2818-1986,
    author = {Bourdelais, Patrice and B.Lepetit},
    editor = {},
    title = {Histoire et espace},
    booktitle = {Nouvelle encyclopédie des sciences et des techniques, Espaces, Jeux et enjeux},
    publisher = {},
    series = {},
    location = {},
    year = 1986,
    pagetotal = {10},
    language = {français},
    keywords = {dict-crh, crh-1986}
    }

@inreference{Braunstein2842-1986,
    author = {Braunstein, Philippe},
    editor = {},
    title = {Histoire des Techniques},
    booktitle = {Dictionnaire des Sciences Historiques},
    publisher = {PUF},
    series = {},
    location = {Paris},
    year = 1986,
    pagetotal = {2},
    language = {français},
    keywords = {dict-crh, crh-1986}
    }

@inreference{Braunstein2843-1986,
    author = {Braunstein, Philippe},
    editor = {},
    title = {Panofsky},
    booktitle = {Dictionnaire des Sciences Historiques},
    publisher = {PUF},
    series = {},
    location = {Paris},
    year = 1986,
    pagetotal = {5},
    language = {français},
    keywords = {dict-crh, crh-1986}
    }

@inreference{Chartier2870-1986,
    author = {Chartier, Roger},
    editor = {A. Burguière},
    title = {Cahiers de doléances},
    booktitle = {Dictionnaire des Sciences Historiques},
    publisher = {PUF},
    series = {},
    location = {Paris},
    year = 1986,
    pagetotal = {3},
    language = {français},
    keywords = {dict-crh, crh-1986}
    }

@inreference{Chartier2871-1986,
    author = {Chartier, Roger},
    editor = {A. Burguière},
    title = {Colportage},
    booktitle = {Dictionnaire des Sciences Historiques},
    publisher = {PUF},
    series = {},
    location = {Paris},
    year = 1986,
    pagetotal = {1},
    language = {français},
    keywords = {dict-crh, crh-1986}
    }

@inreference{Chartier2872-1986,
    author = {Chartier, Roger},
    editor = {A. Burguière},
    title = {Culture populaire},
    booktitle = {Dictionnaire des Sciences Historiques},
    publisher = {PUF},
    series = {},
    location = {Paris},
    year = 1986,
    pagetotal = {6},
    language = {français},
    keywords = {dict-crh, crh-1986}
    }

@inreference{Chartier2873-1986,
    author = {Chartier, Roger},
    editor = {A. Burguière},
    title = {Images},
    booktitle = {Dictionnaire des Sciences Historiques},
    publisher = {PUF},
    series = {},
    location = {Paris},
    year = 1986,
    pagetotal = {3},
    language = {français},
    keywords = {dict-crh, crh-1986}
    }

@inreference{Chartier2874-1986,
    author = {Chartier, Roger},
    editor = {A. Burguière},
    title = {Histoire intellectuelle},
    booktitle = {Dictionnaire des Sciences Historiques},
    publisher = {PUF},
    series = {},
    location = {Paris},
    year = 1986,
    pagetotal = {6},
    language = {français},
    keywords = {dict-crh, crh-1986}
    }

@inreference{Chartier2876-1986,
    author = {Chartier, Roger},
    editor = {A. Burguière},
    title = {Livre},
    booktitle = {Dictionnaire des Sciences Historiques},
    publisher = {PUF},
    series = {},
    location = {Paris},
    year = 1986,
    pagetotal = {4},
    language = {français},
    keywords = {dict-crh, crh-1986}
    }

@inreference{Chartier2877-1986,
    author = {Chartier, Roger},
    editor = {A. Burguière},
    title = {Histoire parfaite},
    booktitle = {Dictionnaire des Sciences Historiques},
    publisher = {PUF},
    series = {},
    location = {Paris},
    year = 1986,
    pagetotal = {1},
    language = {français},
    keywords = {dict-crh, crh-1986}
    }

@inreference{Desaive2975-1986,
    author = {Desaive, Jean-Paul},
    editor = {},
    title = {Mercuriale},
    booktitle = {Dictionnaire des sciences historiques},
    publisher = {PUF},
    series = {},
    location = {Paris},
    year = 1986,
    pagetotal = {},
    language = {français},
    keywords = {dict-crh, crh-1986}
    }

@inreference{Desaive2976-1986,
    author = {Desaive, Jean-Paul},
    editor = {},
    title = {Jean Meuvret},
    booktitle = {Dictionnaire des sciences historiques},
    publisher = {PUF},
    series = {},
    location = {Paris},
    year = 1986,
    pagetotal = {},
    language = {français},
    keywords = {dict-crh, crh-1986}
    }

@inreference{Desaive2977-1986,
    author = {Desaive, Jean-Paul},
    editor = {},
    title = {Prix},
    booktitle = {Dictionnaire des sciences historiques},
    publisher = {PUF},
    series = {},
    location = {Paris},
    year = 1986,
    pagetotal = {},
    language = {français},
    keywords = {dict-crh, crh-1986}
    }

@inreference{Descimon2980-1986,
    author = {Descimon, Robert},
    editor = {},
    title = {Ancien Régime},
    booktitle = {Dictionnaire des sciences historiques},
    publisher = {PUF},
    series = {},
    location = {Paris},
    year = 1986,
    pagetotal = {3},
    language = {français},
    keywords = {dict-crh, crh-1986}
    }

@inreference{Descimon2981-1986,
    author = {Descimon, Robert},
    editor = {},
    title = {Histoire des institutions},
    booktitle = {Dictionnaire des sciences historiques},
    publisher = {PUF},
    series = {},
    location = {Paris},
    year = 1986,
    pagetotal = {4},
    language = {français},
    keywords = {dict-crh, crh-1986}
    }

@inreference{Dupaquier2987-1986,
    author = {Dupaquier, Jacques},
    editor = {},
    title = {Démographie historique},
    booktitle = {Dictionnaire des sciences historiques},
    publisher = {PUF},
    series = {},
    location = {Paris},
    year = 1986,
    pagetotal = {},
    language = {français},
    keywords = {dict-crh, crh-1986}
    }

@inreference{Dupaquier2988-1986,
    author = {Dupaquier, Jacques},
    editor = {},
    title = {Généalogie},
    booktitle = {Dictionnaire des sciences historiques},
    publisher = {PUF},
    series = {},
    location = {Paris},
    year = 1986,
    pagetotal = {},
    language = {français},
    keywords = {dict-crh, crh-1986}
    }

@inreference{Dupaquier2991-1986,
    author = {Dupaquier, Jacques},
    editor = {},
    title = {Population},
    booktitle = {Dictionnaire des sciences historiques},
    publisher = {PUF},
    series = {},
    location = {Paris},
    year = 1986,
    pagetotal = {},
    language = {français},
    keywords = {dict-crh, crh-1986}
    }

@inreference{Goy3106-1986,
    author = {Goy, Joseph},
    editor = {},
    title = {Histoire rurale},
    booktitle = {Dictionnaire des Sciences Historiques},
    publisher = {PUF},
    series = {},
    location = {Paris},
    year = 1986,
    pagetotal = {},
    language = {français},
    keywords = {dict-crh, crh-1986}
    }

@inreference{Hartog3168-1986,
    author = {Hartog, François},
    editor = {A. Burguière},
    title = {Hérodote},
    booktitle = {Dictionnaire des sciences historiques},
    publisher = {PUF},
    series = {},
    location = {Paris},
    year = 1986,
    pagetotal = {},
    language = {français},
    keywords = {dict-crh, crh-1986}
    }

@inreference{Hartog3169-1986,
    author = {Hartog, François},
    editor = {A. Burguière},
    title = {Thucydide},
    booktitle = {Dictionnaire des sciences historiques},
    publisher = {PUF},
    series = {},
    location = {Paris},
    year = 1986,
    pagetotal = {},
    language = {français},
    keywords = {dict-crh, crh-1986}
    }

@inreference{Hartog3170-1986,
    author = {Hartog, François},
    editor = {A. Burguière},
    title = {Historiens grecs},
    booktitle = {Dictionnaire des sciences historiques},
    publisher = {PUF},
    series = {},
    location = {Paris},
    year = 1986,
    pagetotal = {},
    language = {français},
    keywords = {dict-crh, crh-1986}
    }

@inreference{Hartog3171-1986,
    author = {Hartog, François},
    editor = {A. Burguière},
    title = {Histoire grecque},
    booktitle = {Dictionnaire des sciences historiques},
    publisher = {PUF},
    series = {},
    location = {Paris},
    year = 1986,
    pagetotal = {},
    language = {français},
    keywords = {dict-crh, crh-1986}
    }

@inreference{Hartog3172-1986,
    author = {Hartog, François},
    editor = {A. Burguière},
    title = {Fustel de Coulanges},
    booktitle = {Dictionnaire des sciences historiques},
    publisher = {PUF},
    series = {},
    location = {Paris},
    year = 1986,
    pagetotal = {},
    language = {français},
    keywords = {dict-crh, crh-1986}
    }

@inreference{Julia3205-1986,
    author = {Julia, Dominique},
    editor = {A. Burguière},
    title = {Alphabétisation},
    booktitle = {Dictionnaire des Sciences Historiques},
    publisher = {PUF},
    series = {},
    location = {Paris},
    year = 1986,
    pagetotal = {4},
    language = {français},
    keywords = {dict-crh, crh-1986}
    }

@inreference{Julia3206-1986,
    author = {Julia, Dominique},
    editor = {A. Burguière},
    title = {Histoire de l'Education},
    booktitle = {Dictionnaire des Sciences Historiques},
    publisher = {PUF},
    series = {},
    location = {Paris},
    year = 1986,
    pagetotal = {10},
    language = {français},
    keywords = {dict-crh, crh-1986}
    }

@inreference{Lepetit3308-1986,
    author = {Lepetit, Bernard and P. Bourdelais},
    editor = {},
    title = {Histoire et espace},
    booktitle = {Nouvelle Encyclopédie des Sciences et des Techniques. Espaces, jeux et enjeux},
    publisher = {},
    series = {},
    location = {},
    year = 1986,
    pagetotal = {12},
    language = {français},
    keywords = {dict-crh, crh-1986}
    }

@inreference{Revel3482-1986,
    author = {Revel, Jacques},
    editor = {A. Burguiere},
    title = {Foucault},
    booktitle = {Dictionnaire des Sciences Historiques},
    publisher = {PUF},
    series = {},
    location = {Paris},
    year = 1986,
    pagetotal = {3},
    language = {français},
    keywords = {dict-crh, crh-1986}
    }

@inreference{Schmitt3521-1986,
    author = {Schmitt, Jean-Claude},
    editor = {},
    title = {Gestes},
    booktitle = {Dictionnaire des sciences historiques},
    publisher = {PUF},
    series = {},
    location = {Paris},
    year = 1986,
    pagetotal = {5},
    language = {français},
    keywords = {dict-crh, crh-1986}
    }

@inreference{Schmitt3528-1986,
    author = {Schmitt, Jean-Claude},
    editor = {},
    title = {Magic and Folklore Western European},
    booktitle = {Dictionary of the Middle Ages t.VIII},
    publisher = {Ch. Scribner's sons},
    series = {},
    location = {New York},
    year = 1986,
    pagetotal = {7},
    language = {anglais},
    keywords = {dict-crh, crh-1986}
    }

@inreference{Valensi3589-1986,
    author = {Valensi, Lucette},
    editor = {},
    title = {Islam},
    booktitle = {Dictionnaire des sciences historiques},
    publisher = {PUF},
    series = {},
    location = {Paris},
    year = 1986,
    pagetotal = {3},
    language = {français},
    keywords = {dict-crh, crh-1986}
    }

@inreference{Chaussinand5668-1986,
    author = {Chaussinand-Nogaret, Guy},
    editor = {A.Burguière},
    title = {Biographie (histoire)},
    booktitle = {Dictionnaire des sciences historiques},
    publisher = {PUF},
    series = {},
    location = {Paris},
    year = 1986,
    pagetotal = {},
    language = {français},
    keywords = {dict-crh, crh-1986}
    }

@inreference{Aymard5669-1986,
    author = {Aymard, Maurice},
    editor = {A.Burguière},
    title = {Braudel Fernand},
    booktitle = {Dictionnaire des sciences historiques},
    publisher = {PUF},
    series = {},
    location = {Paris},
    year = 1986,
    pagetotal = {},
    language = {français},
    keywords = {dict-crh, crh-1986}
    }

@inreference{Ferro5670-1986,
    author = {Ferro, Marc},
    editor = {A.Burguière},
    title = {Cinéma et histoire},
    booktitle = {Dictionnaire des sciences historiques},
    publisher = {PUF},
    series = {},
    location = {Paris},
    year = 1986,
    pagetotal = {},
    language = {français},
    keywords = {dict-crh, crh-1986}
    }

@inreference{LeRoyLadurie5671-1986,
    author = {Le Roy Ladurie, Emmanuel},
    editor = {A.Burguière},
    title = {Climat},
    booktitle = {Dictionnaire des sciences historiques},
    publisher = {PUF},
    series = {},
    location = {Paris},
    year = 1986,
    pagetotal = {},
    language = {français},
    keywords = {dict-crh, crh-1986}
    }

@inreference{Aymard5672-1986,
    author = {Aymard, Maurice},
    editor = {A.Burguière},
    title = {Crise},
    booktitle = {Dictionnaire des sciences historiques},
    publisher = {PUF},
    series = {},
    location = {Paris},
    year = 1986,
    pagetotal = {},
    language = {français},
    keywords = {dict-crh, crh-1986}
    }

@inreference{Aymard5673-1986,
    author = {Aymard, Maurice},
    editor = {A.Burguière},
    title = {Croissance},
    booktitle = {Dictionnaire des sciences historiques},
    publisher = {PUF},
    series = {},
    location = {Paris},
    year = 1986,
    pagetotal = {},
    language = {français},
    keywords = {dict-crh, crh-1986}
    }

@inreference{Chaussinand5674-1986,
    author = {Chaussinand-Nogaret, Guy},
    editor = {A.Burguière},
    title = {Elites},
    booktitle = {Dictionnaire des sciences historiques},
    publisher = {PUF},
    series = {},
    location = {Paris},
    year = 1986,
    pagetotal = {},
    language = {français},
    keywords = {dict-crh, crh-1986}
    }

@inreference{Ferro5675-1986,
    author = {Ferro, Marc},
    editor = {A.Burguière},
    title = {Enseignement de l'histoire et identité nationale},
    booktitle = {Dictionnaire des sciences historiques},
    publisher = {PUF},
    series = {},
    location = {Paris},
    year = 1986,
    pagetotal = {},
    language = {français},
    keywords = {dict-crh, crh-1986}
    }

@inreference{Bergeron5676-1986,
    author = {Bergeron, Louis},
    editor = {A.Burguière},
    title = {Entreprises},
    booktitle = {Dictionnaire des sciences historiques},
    publisher = {PUF},
    series = {},
    location = {Paris},
    year = 1986,
    pagetotal = {},
    language = {français},
    keywords = {dict-crh, crh-1986}
    }

@inreference{Aymard5677-1986,
    author = {Aymard, Maurice and C.Vivanti},
    editor = {A.Burguière},
    title = {Historiens italiens},
    booktitle = {Dictionnaire des sciences historiques},
    publisher = {PUF},
    series = {},
    location = {Paris},
    year = 1986,
    pagetotal = {},
    language = {français},
    keywords = {dict-crh, crh-1986}
    }

@inreference{Nora5678-1986,
    author = {Nora, Pierre},
    editor = {A.Burguière},
    title = {Histoire nationale},
    booktitle = {Dictionnaire des sciences historiques},
    publisher = {PUF},
    series = {},
    location = {Paris},
    year = 1986,
    pagetotal = {},
    language = {français},
    keywords = {dict-crh, crh-1986}
    }

@inreference{Beck5679-1986,
    author = {Beck, Patrice},
    editor = {A.Burguière},
    title = {Onomastique},
    booktitle = {Dictionnaire des sciences historiques},
    publisher = {PUF},
    series = {},
    location = {Paris},
    year = 1986,
    pagetotal = {},
    language = {français},
    keywords = {dict-crh, crh-1986}
    }

@inreference{Woronoff5680-1986,
    author = {Woronoff, Denis},
    editor = {A.Burguière},
    title = {Proto-industrialisation},
    booktitle = {Dictionnaire des sciences historiques},
    publisher = {PUF},
    series = {},
    location = {Paris},
    year = 1986,
    pagetotal = {},
    language = {français},
    keywords = {dict-crh, crh-1986}
    }

@inreference{Woronoff5681-1986,
    author = {Woronoff, Denis},
    editor = {A.Burguière},
    title = {Révolution française},
    booktitle = {Dictionnaire des sciences historiques},
    publisher = {PUF},
    series = {},
    location = {Paris},
    year = 1986,
    pagetotal = {},
    language = {français},
    keywords = {dict-crh, crh-1986}
    }

@inreference{Ferro5682-1986,
    author = {Ferro, Marc},
    editor = {A.Burguière},
    title = {Révolution d'octobre},
    booktitle = {Dictionnaire des sciences historiques},
    publisher = {PUF},
    series = {},
    location = {Paris},
    year = 1986,
    pagetotal = {},
    language = {français},
    keywords = {dict-crh, crh-1986}
    }

@inreference{Aymard5683-1986,
    author = {Aymard, Maurice},
    editor = {A.Burguière},
    title = {Structures},
    booktitle = {Dictionnaire des sciences historiques},
    publisher = {PUF},
    series = {},
    location = {Paris},
    year = 1986,
    pagetotal = {},
    language = {français},
    keywords = {dict-crh, crh-1986}
    }

@inreference{Aymard5684-1986,
    author = {Aymard, Maurice},
    editor = {A.Burguière},
    title = {Vico Giambattista},
    booktitle = {Dictionnaire des sciences historiques},
    publisher = {PUF},
    series = {},
    location = {Paris},
    year = 1986,
    pagetotal = {},
    language = {français},
    keywords = {dict-crh, crh-1986}
    }

@proceedings{Burguiere2154-1986,
    editor = {Burguiere, André},
    editortype = {dir.},
    title = {Dictionnaire des Sciences Historiques},
    booktitle = {Dictionnaire des Sciences Historiques},
    publisher = {PUF},
    location = {Paris},
    year = 1986,
    pagetotal = {},
    language = {français},
    keywords = {proceedings-crh, crh-1986}
    }

@proceedings{Goy2329-1986,
    editor = {Goy, Joseph and I. CHIVA},
    editortype = {dir.},
    title = {Les Baronnies des Pyrénées. Anthropologie et histoire, permanences},
    booktitle = {Les Baronnies des Pyrénées. Anthropologie et histoire, permanences},
    publisher = {EHESS},
    location = {Paris},
    year = 1986,
    pagetotal = {},
    language = {français},
    keywords = {proceedings-crh, crh-1986}
    }

@proceedings{Julia2394-1986,
    editor = {Julia, Dominique and R. CHARTIER and J.Revel},
    editortype = {dir.},
    title = {Les universités européennes du XVIe au XVIIIe siècle. Histoire sociale des populations étudiantes, t. I, Bohême, Espagne, Italie, Pays Germaniques, Pologne, Provinces-Unies},
    booktitle = {Les universités européennes du XVIe au XVIIIe siècle. Histoire sociale des populations étudiantes, t. I, Bohême, Espagne, Italie, Pays Germaniques, Pologne, Provinces-Unies},
    publisher = {EHESS},
    location = {Paris},
    year = 1986,
    pagetotal = {},
    language = {français},
    keywords = {proceedings-crh, crh-1986}
    }

@proceedings{Bardet2746-1986,
    editor = {Bardet, Jean-Pierre and J.-P. Chaline},
    editortype = {dir.},
    title = {Eglises, hôtels, vieilles maisons},
    booktitle = {Eglises, hôtels, vieilles maisons},
    publisher = {},
    location = {Rouen},
    year = 1986,
    pagetotal = {},
    language = {français},
    keywords = {proceedings-crh, crh-1986}
    }

@proceedings{Goy3105-1986,
    editor = {Goy, Joseph and J.-P. Wallot},
    editortype = {dir.},
    title = {Evolution et éclatement du monde rural. France-Québec XVIIe-XXe siècles},
    booktitle = {Evolution et éclatement du monde rural. France-Québec XVIIe-XXe siècles},
    publisher = {E.H.E.S.S. Presses Universitaires de Montréal},
    location = {Paris/Montréal},
    year = 1986,
    pagetotal = {},
    language = {français},
    keywords = {proceedings-crh, crh-1986}
    }

@proceedings{Chartier3207-1986,
    editor = {Chartier, Roger and D.Julia and J.Revel},
    editortype = {dir.},
    title = {Les Universités européennes du XVIe au XVIIIe siècles. Histoire sociale des populations étudiantes, t. I - Bohème, Espagne, Etats italiens, Pays germaniques, Pologne, Provinces-Unies},
    booktitle = {Les Universités européennes du XVIe au XVIIIe siècles. Histoire sociale des populations étudiantes, t. I - Bohème, Espagne, Etats italiens, Pays germaniques, Pologne, Provinces-Unies},
    publisher = {EHESS},
    location = {Paris},
    year = 1986,
    pagetotal = {},
    language = {français},
    keywords = {proceedings-crh, crh-1986}
    }

@proceedings{Klapisch3250-1986,
    editor = {Klapisch-Zuber, Christiane and A. Burguière, and M. Segalen and F. Zonabend},
    editortype = {dir.},
    title = {Histoire de la famille},
    booktitle = {Histoire de la famille},
    publisher = {Armand Colin},
    location = {Paris},
    year = 1986,
    pagetotal = {},
    language = {français},
    keywords = {proceedings-crh, crh-1986}
    }

@proceedings{Nora3354-1986,
    editor = {Nora, Pierre},
    editortype = {dir.},
    title = {Les lieux de Mémoire, 3 vol.},
    booktitle = {Les lieux de Mémoire, 3 vol.},
    publisher = {Gallimard},
    location = {Paris},
    year = 1986,
    pagetotal = {},
    language = {français},
    keywords = {proceedings-crh, crh-1986}
    }

@proceedings{Revel3485-1986,
    editor = {Revel, Jacques and R.Chartier and D.Julia},
    editortype = {dir.},
    title = {Les universités européennes du XVIe au XVIIIe siècles : Histoire sociale des populations étudiantes. Tome 1},
    booktitle = {Les universités européennes du XVIe au XVIIIe siècles : Histoire sociale des populations étudiantes. Tome 1},
    publisher = {EHESS},
    location = {Paris},
    year = 1986,
    pagetotal = {},
    language = {français},
    keywords = {proceedings-crh, crh-1986}
    }

@collection{Alexandre2703-1986,
    author = {Alexandre-Bidon, Danièle and F. Piponnier and  J.-M. Pesez and  and J.-M. Poisson and G. Démians d'Archimbaud and B. Maccari-Poisson},
    editor = {},
    title = {Châteaux et villages du Moyen Age. Forez, Bourgogne, Provence},
    booktitle = {Catalogue de l'exposition},
    publisher = {Musée d'Allard},
    location = {Montbrison (Loire) 1986-1987},
    year = 1986,
    pagetotal = {4},
    language = {français},
    keywords = {expo-crh, crh-1986}
    }

@collection{Debert2955-1986,
    author = {Debert, Aline},
    editor = {},
    title = {Catalogue de l'exposition "Reflets de la dévotion populaire"},
    booktitle = {},
    publisher = {},
    location = {Saint-Michel de Frigolet},
    year = 1986,
    pagetotal = {30},
    language = {français},
    keywords = {expo-crh, crh-1986}
    }

@collection{Piponnier3415-1986,
    author = {Piponnier, Françoise and D. Alexandre-Bidon, and J.-M. Pesez and  and J.-M. Poisson and G. Démians d'Archimbaud and B. Maccari-Poisson},
    editor = {},
    title = {Châteaux et villages du Moyen Age : Forez, Bourgogne, Provence},
    booktitle = {Catalogue de l'exposition},
    publisher = {Musée d'Allard},
    location = {Montbrison (Loire) 1986-1987},
    year = 1986,
    pagetotal = {},
    language = {français},
    keywords = {expo-crh, crh-1986}
    }

@incollection{Dupaquier121-1986,
    author = {Dupaquier, Jacques},
    editor = {},
    title = {Histoire d'un concept : l'espérance de vie. La contribution de Louis et Christian Huygens (1669)},
    booktitle = {Studia in honorem Roberti Horvath septuagenarii},
    publisher = {},
    location = {Szeged},
    year = 1986,
    pagetotal = {},
    language = {français},
    keywords = {melanges-crh, crh-1986}
    }

@incollection{Guillou3154-1986,
    author = {Guillou, André},
    editor = {},
    title = {Noms, prénoms et surnoms dans la Calabre byzantine. Une enquête linguistique},
    booktitle = {Byzance. Hommage à André Stratos},
    publisher = {},
    location = {},
    year = 1986,
    pagetotal = {18},
    language = {français},
    keywords = {melanges-crh, crh-1986}
    }

@incollection{Schnapper3553-1986,
    author = {Schnapper, Dominique},
    editor = {},
    title = {Mémoire familiale et mémoire historique chez les Juifs français},
    booktitle = {Démographie et Sociologie},
    publisher = {},
    location = {},
    year = 1986,
    pagetotal = {10},
    language = {français},
    keywords = {melanges-crh, crh-1986}
    }

@incollection{Burguiere92-1986,
    author = {Burguiere, André},
    editor = {A.Burguière and C.Klapisch and M.Segalen and F.Zonabend},
    title = {Le Prêtre, le Prince et la Famille},
    booktitle = {Histoire de la Famille},
    publisher = {Armand Colin},
    location = {Paris},
    year = 1986,
    pagetotal = {1292},
    language = {français},
    keywords = {collectif-crh, crh-1986}
    }

@incollection{Scherrer114-1986,
    author = {Scherrer, Jutta},
    editor = {?},
    title = {Zur politischen Kultur der 'linken Bolschewiki'},
    booktitle = {Wissenschaftskolleg Jahrbuch 1984/85},
    publisher = {},
    location = {Berlin},
    year = 1986,
    pagetotal = {15},
    language = {allemand},
    keywords = {collectif-crh, crh-1986}
    }

@incollection{Scherrer117-1986,
    author = {Scherrer, Jutta},
    editor = {Friedhelm},
    title = {'Proletarische Kultur' : die Entstehung des Konzepts und seine Umsetzung in der Organisation des frühen 'Proletkult'},
    booktitle = {Arbeiterkulturen zwischen Alltag und Politik},
    publisher = {},
    location = {Vienne-Munich-Zurich},
    year = 1986,
    pagetotal = {22},
    language = {allemand},
    keywords = {collectif-crh, crh-1986}
    }

@incollection{Peter144-1986,
    author = {Peter, Jean-Pierre},
    editor = {M.Casenave},
    title = {L'imaginaire des maladies},
    booktitle = {Histoire et Imaginaire},
    publisher = {},
    location = {Paris},
    year = 1986,
    pagetotal = {25},
    language = {français},
    keywords = {collectif-crh, crh-1986}
    }

@incollection{PoloDeBeaulieu180-1986,
    author = {Polo De Beaulieu, Marie-Anne},
    editor = {?},
    title = {Contes populaires et exempla},
    booktitle = {Le conte de tradition oraledans le Bassin méditerranéen},
    publisher = {GARAE-Hésiode},
    location = {Carcassonne},
    year = 1986,
    pagetotal = {22},
    language = {français},
    keywords = {collectif-crh, crh-1986}
    }

@incollection{Beutler204-1986,
    author = {Beutler, Corinne},
    editor = {A.Coudart and P.Pion},
    title = {L'imprimerie au service de l'agriculture au XVIe siècle},
    booktitle = {Archéologie de la France rurale de la Préhistoire aux Temps modernes},
    publisher = {Belin},
    location = {Paris},
    year = 1986,
    pagetotal = {4},
    language = {français},
    keywords = {collectif-crh, crh-1986}
    }

@incollection{Burguiere225-1986,
    author = {Burguiere, André},
    editor = {A.Burguière and C.Klapisch and M.Segalen and F.Zonabend},
    title = {Les 101 familles},
    booktitle = {Histoire de la Famille},
    publisher = {Armand Colin},
    location = {Paris},
    year = 1986,
    pagetotal = {68},
    language = {français},
    keywords = {collectif-crh, crh-1986}
    }

@incollection{Hemardinquer229-1986,
    author = {Hemardinquer, Jean-Jacques},
    editor = {B. Quemada},
    title = {Textes des XVIe-XXe siècles},
    booktitle = {Datations et documents lexicographiques, Trésor général de la langue française},
    publisher = {CNRS-Klincksieck},
    location = {Paris},
    year = 1986,
    pagetotal = {},
    language = {français},
    keywords = {collectif-crh, crh-1986}
    }

@incollection{Jeannin232-1986,
    author = {Jeannin, Pierre},
    editor = {?},
    title = {Hugenottische Abwanderung und Entwicklung wirtschaftlicher Kräfte},
    booktitle = {300 Jahre Hugenottenstadt Erlangen. Vom Nutzen der Toleranz},
    publisher = {Ausstellung Erlangen},
    location = {},
    year = 1986,
    pagetotal = {8},
    language = {allemand},
    keywords = {collectif-crh, crh-1986}
    }

@incollection{Julia243-1986,
    author = {Julia, Dominique},
    editor = {J. Verger},
    title = {Universités et collèges à l'époque moderne (16e-18e siècles). Les institutions et les hommes},
    booktitle = {Histoire des universités de France},
    publisher = {Privat},
    location = {Toulouse},
    year = 1986,
    pagetotal = {57},
    language = {français},
    keywords = {collectif-crh, crh-1986}
    }

@incollection{Hocquet249-1986,
    author = {Hocquet, Jean-Claude},
    editor = {J.-C. Hocquet and S. Lebecq and A. Lottin},
    title = {L'évolution des techniques de fabrication du sel marin sur les rivages de l'Europe du nord-ouest},
    booktitle = {Les hommes et la mer dans l'Europe du nord-ouest, de l'Antiquité à nos jours},
    publisher = {},
    location = {Lille},
    year = 1986,
    pagetotal = {},
    language = {français},
    keywords = {collectif-crh, crh-1986}
    }

@incollection{Hocquet261-1986,
    author = {Hocquet, Jean-Claude},
    editor = {?},
    title = {La modernisation de l'activité salinière en Europe. Sel et protoindustrialisation (XVIe-XVIIIe siècles)},
    booktitle = {Pour un musée national, scientifiqu},
    publisher = {Fondation C.N.Ledoux},
    location = {Arc-et-Sénans},
    year = 1986,
    pagetotal = {},
    language = {français},
    keywords = {collectif-crh, crh-1986}
    }

@incollection{Klapisch278-1986,
    author = {Klapisch-Zuber, Christiane},
    editor = {G. Delille},
    title = {Les généalogies florentines du XIVe et du XVe siècles},
    booktitle = {La memoria genealogica, XIV-XIXe sec.},
    publisher = {},
    location = {Rome},
    year = 1986,
    pagetotal = {32},
    language = {français},
    keywords = {collectif-crh, crh-1986}
    }

@incollection{Fridenson341-1986,
    author = {Fridenson, Patrick},
    editor = {J. Kocka},
    title = {Die Arbeiterpolitik grosser Unternehmen in Frankreich und ihre Auswirkung auf die Arbeiterschaft, 1880-1914},
    booktitle = {Bürger und Arbeiter 1800-1914},
    publisher = {Oldenburg Verlag},
    location = {Munich},
    year = 1986,
    pagetotal = {11},
    language = {allemand},
    keywords = {collectif-crh, crh-1986}
    }

@incollection{Fridenson342-1986,
    author = {Fridenson, Patrick},
    editor = {P. Hertner and G. Jones},
    title = {The growth of multinational activities in the French motor industry, 1890-1979},
    booktitle = {Multinationals : Theory and History,},
    publisher = {Gower Press},
    location = {Londres},
    year = 1986,
    pagetotal = {12},
    language = {anglais},
    keywords = {collectif-crh, crh-1986}
    }

@incollection{Fridenson343-1986,
    author = {Fridenson, Patrick},
    editor = {S.L. Kaplan and C.J. Koepp},
    title = {Automobile workers in France and their work, 1914-1983},
    booktitle = {Work in France},
    publisher = {Cornell University press},
    location = {Ithaca},
    year = 1986,
    pagetotal = {34},
    language = {anglais},
    keywords = {collectif-crh, crh-1986}
    }

@incollection{Jorland358-1986,
    author = {Jorland, Gérard},
    editor = {P.Vidal-Naquet},
    title = {Science et Etat},
    booktitle = {Le grand livre de l'histoire du monde. Atlas historique},
    publisher = {Hachette/France Loisirs},
    location = {Paris},
    year = 1986,
    pagetotal = {},
    language = {français},
    keywords = {collectif-crh, crh-1986}
    }

@incollection{Jorland362-1986,
    author = {Jorland, Gérard},
    editor = {P.Vidal-Naquet},
    title = {De Riemann à Sartre},
    booktitle = {Le grand livre de l'histoire du monde. Atlas historique},
    publisher = {},
    location = {},
    year = 1986,
    pagetotal = {},
    language = {français},
    keywords = {collectif-crh, crh-1986}
    }

@incollection{Schnapper486-1986,
    author = {Schnapper, Dominique},
    editor = {M. Curtis},
    title = {Perceptions of antisemitism in France},
    booktitle = {Antisemitism in the contemporary world},
    publisher = {Westview Press},
    location = {Londres},
    year = 1986,
    pagetotal = {12},
    language = {anglais},
    keywords = {collectif-crh, crh-1986}
    }

@incollection{Tenenti497-1986,
    author = {Tenenti, Alberto},
    editor = {?},
    title = {Dio, sovrano, stato in Francia tra la fine del Cinquecento e la prima metà del Seicento},
    booktitle = {O sagrado e o profano},
    publisher = {},
    location = {Coimbra},
    year = 1986,
    pagetotal = {31},
    language = {italien},
    keywords = {collectif-crh, crh-1986}
    }

@incollection{Schmitt563-1986,
    author = {Schmitt, Jean-Claude},
    editor = {P.Vidal-Naquet},
    title = {L'art roman Xe-XIIe siècles},
    booktitle = {Le grand livre de l'histoire du monde. Atlas Historique},
    publisher = {Hachette/France Loisirs},
    location = {Paris},
    year = 1986,
    pagetotal = {2},
    language = {français},
    keywords = {collectif-crh, crh-1986}
    }

@incollection{Schmitt572-1986,
    author = {Schmitt, Jean-Claude},
    editor = {P.Vidal-Naquet},
    title = {L'art gothique et la renaissance du XIIe siècle},
    booktitle = {Le grand livre de l'histoire du monde. Atlas Historique},
    publisher = {Hachette/France Loisirs},
    location = {Paris},
    year = 1986,
    pagetotal = {2},
    language = {français},
    keywords = {collectif-crh, crh-1986}
    }

@incollection{Schmitt580-1986,
    author = {Schmitt, Jean-Claude},
    editor = {P.Vidal-Naquet},
    title = {Les moines d'Occident Xe-XIIIe siècles},
    booktitle = {Le grand livre de l'histoire du monde. Atlas Historique},
    publisher = {Hachette/France Loisirs},
    location = {Paris},
    year = 1986,
    pagetotal = {2},
    language = {français},
    keywords = {collectif-crh, crh-1986}
    }

@incollection{Schmitt590-1986,
    author = {Schmitt, Jean-Claude},
    editor = {P.Vidal-Naquet},
    title = {Dissidences religieuses : juifs et hérétiques XIe-XVe siècles},
    booktitle = {Le grand livre de l'histoire du monde. Atlas Historique},
    publisher = {Hachette/France Loisirs},
    location = {Paris},
    year = 1986,
    pagetotal = {2},
    language = {français},
    keywords = {collectif-crh, crh-1986}
    }

@incollection{Baulant591-1986,
    author = {Baulant, Micheline},
    editor = {J. Goy and J.-P. Wallot},
    title = {Trois fermes céréalières en pays boisé aux XVIIe et XVIIIe siècles},
    booktitle = {Evolution et éclatement du monde rural. France-Québec XVIIe-XIXe siècles. Actes du colloque franco-québécois d'histoire comparée, Rochefort, 1982},
    publisher = {EHESS-PUM},
    location = {Paris-Montréal},
    year = 1986,
    pagetotal = {13},
    language = {français},
    keywords = {collectif-crh, crh-1986}
    }

@incollection{Schmitt594-1986,
    author = {Schmitt, Jean-Claude},
    editor = {P.Vidal-Naquet},
    title = {La renaissance des villes en Occident Xe-XIIIe siècles},
    booktitle = {Le grand livre de l'histoire du monde. Atlas Historique},
    publisher = {Hachette/France Loisirs},
    location = {Paris},
    year = 1986,
    pagetotal = {2},
    language = {français},
    keywords = {collectif-crh, crh-1986}
    }

@incollection{Schmitt620-1986,
    author = {Schmitt, Jean-Claude},
    editor = {P.Vidal-Naquet},
    title = {L'Angleterre féodale Xe-XIVe siècles},
    booktitle = {Le grand livre de l'histoire du monde. Atlas Historique},
    publisher = {Hachette/France Loisirs},
    location = {Paris},
    year = 1986,
    pagetotal = {2},
    language = {français},
    keywords = {collectif-crh, crh-1986}
    }

@incollection{Bonnain626-1986,
    author = {Bonnain, Rolande},
    editor = {J. Goy and J.-P. Wallot},
    title = {Le trousseau dans les Pyrénées centrales},
    booktitle = {Evolution et éclatement du monde rural. France-Québec XVIIe-XIXe siècles. Actes du colloque franco-québécois d'histoire comparée, Rochefort, 1982},
    publisher = {EHESS-PUM},
    location = {Paris-Montréal},
    year = 1986,
    pagetotal = {},
    language = {français},
    keywords = {collectif-crh, crh-1986}
    }

@incollection{Schmitt631-1986,
    author = {Schmitt, Jean-Claude},
    editor = {P.Vidal-Naquet},
    title = {L'Italie des marchands et des artistes XIIIe-XVe siècles},
    booktitle = {Le grand livre de l'histoire du monde. Atlas Historique},
    publisher = {Hachette/France Loisirs},
    location = {Paris},
    year = 1986,
    pagetotal = {2},
    language = {français},
    keywords = {collectif-crh, crh-1986}
    }

@incollection{Schmitt636-1986,
    author = {Schmitt, Jean-Claude},
    editor = {P.Vidal-Naquet},
    title = {La guerre de Cent Ans et le Schisme XIVe-XVe siècles},
    booktitle = {Le grand livre de l'histoire du monde. Atlas Historique},
    publisher = {Hachette/France Loisirs},
    location = {Paris},
    year = 1986,
    pagetotal = {2},
    language = {français},
    keywords = {collectif-crh, crh-1986}
    }

@incollection{Aymard644-1986,
    author = {Aymard, Maurice},
    editor = {Ph. Ariès and G. Duby},
    title = {Amitié et convivialité},
    booktitle = {Histoire de la vie privée},
    publisher = {Seuil},
    location = {Paris},
    year = 1986,
    pagetotal = {45},
    language = {français},
    keywords = {collectif-crh, crh-1986}
    }

@incollection{Schmitt689-1986,
    author = {Schmitt, Jean-Claude},
    editor = {P.Vidal-Naquet},
    title = {La France féodale Xe-XIVe siècles},
    booktitle = {Le grand livre de l'histoire du monde. Atlas Historique},
    publisher = {Hachette/France Loisirs},
    location = {Paris},
    year = 1986,
    pagetotal = {2},
    language = {français},
    keywords = {collectif-crh, crh-1986}
    }

@incollection{Schmitt699-1986,
    author = {Schmitt, Jean-Claude},
    editor = {P.Vidal-Naquet},
    title = {Papes et empereurs},
    booktitle = {Le grand livre de l'histoire du monde. Atlas Historique},
    publisher = {Hachette/France Loisirs},
    location = {Paris},
    year = 1986,
    pagetotal = {2},
    language = {français},
    keywords = {collectif-crh, crh-1986}
    }

@incollection{Schmitt704-1986,
    author = {Schmitt, Jean-Claude},
    editor = {P.Vidal-Naquet},
    title = {L'Europe autour de l'an mil},
    booktitle = {Le grand livre de l'histoire du monde. Atlas Historique},
    publisher = {Hachette/France Loisirs},
    location = {Paris},
    year = 1986,
    pagetotal = {2},
    language = {français},
    keywords = {collectif-crh, crh-1986}
    }

@incollection{Schmitt717-1986,
    author = {Schmitt, Jean-Claude},
    editor = {P.Vidal-Naquet},
    title = {Les croisades en Orient},
    booktitle = {Le grand livre de l'histoire du monde. Atlas Historique},
    publisher = {Hachette/France Loisirs},
    location = {Paris},
    year = 1986,
    pagetotal = {2},
    language = {français},
    keywords = {collectif-crh, crh-1986}
    }

@incollection{Flandrin727-1986,
    author = {Flandrin, Jean-Louis},
    editor = {P.Ariès and G.Duby},
    title = {La distinction par le goût},
    booktitle = {Histoire de la vie privée},
    publisher = {Seuil},
    location = {Paris},
    year = 1986,
    pagetotal = {43},
    language = {français},
    keywords = {collectif-crh, crh-1986}
    }

@incollection{Klapisch735-1986,
    author = {Klapisch-Zuber, Christiane},
    editor = {B.Hanawalt},
    title = {Women Servants in Florence during the Fourteenth and Fifteenth Centuries},
    booktitle = {Women and Work in Preindustrial Europe},
    publisher = {},
    location = {Bloomington},
    year = 1986,
    pagetotal = {25},
    language = {anglais},
    keywords = {collectif-crh, crh-1986}
    }

@incollection{Andreau737-1986,
    author = {Andreau, Jean},
    editor = {A.Giardino},
    title = {Declino e morte dei mestieri bancari nel Mediterraneo occidentale (II-IV° sec. d. C.)},
    booktitle = {Società romana e impero tardo-antico},
    publisher = {},
    location = {Rome-Bari},
    year = 1986,
    pagetotal = {20},
    language = {italien},
    keywords = {collectif-crh, crh-1986}
    }

@incollection{Andreau738-1986,
    author = {Andreau, Jean},
    editor = {D.Nibourel},
    title = {L'espace bancaire dans la Rome antique},
    booktitle = {Banque et société humaine},
    publisher = {},
    location = {Paris},
    year = 1986,
    pagetotal = {6},
    language = {français},
    keywords = {collectif-crh, crh-1986}
    }

@incollection{LeGoff769-1986,
    author = {Le Goff, Jacques},
    editor = {P.Nora},
    title = {Reims, ville du sacre},
    booktitle = {Les Lieux de mémoire, II - La Nation},
    publisher = {Gallimard},
    location = {Paris},
    year = 1986,
    pagetotal = {106},
    language = {français},
    keywords = {collectif-crh, crh-1986}
    }

@incollection{Debert802-1986,
    author = {Debert, Aline},
    editor = {?},
    title = {Un illustrateur : Elisabeth Sonrel},
    booktitle = {Histoire du missel français},
    publisher = {Brépols},
    location = {Turnhout},
    year = 1986,
    pagetotal = {23},
    language = {français},
    keywords = {collectif-crh, crh-1986}
    }

@incollection{Debert803-1986,
    author = {Debert, Aline},
    editor = {?},
    title = {La postérité des tableaux de la Croix},
    booktitle = {Histoire du missel français},
    publisher = {Brépols},
    location = {Turnhout},
    year = 1986,
    pagetotal = {2},
    language = {français},
    keywords = {collectif-crh, crh-1986}
    }

@incollection{Alexandre851-1986,
    author = {Alexandre-Bidon, Danièle},
    editor = {?},
    title = {L'archéo-iconographie, ou l'image à l'épreuve de l'archéologie},
    booktitle = {Histoire et archéologie de l'habitat médiéval},
    publisher = {},
    location = {Lyon},
    year = 1986,
    pagetotal = {},
    language = {français},
    keywords = {collectif-crh, crh-1986}
    }

@incollection{Demelas2123-1986,
    author = {Demelas-Bohy, Marie-Danièle},
    editor = {J.P.Deler and Y.Saint-Geours},
    title = {Una revolucion conservadora con fundamento religioso},
    booktitle = {Estados y naciones en los Andes. Hacia una historia comparativa, Bolivia, Colombia, Ecuador, Peru},
    publisher = {},
    location = {Lima},
    year = 1986,
    pagetotal = {26},
    language = {espagnol},
    keywords = {collectif-crh, crh-1986}
    }

@incollection{Chartier2223-1986,
    author = {Chartier, Roger},
    editor = {R.Reichardt and E.Schmitt},
    title = {Civilité},
    booktitle = {Handbuch politisch-sozialer Grundbegriffe in Frankreich 1680-1820},
    publisher = {Oldenbourg},
    location = {Munich-Vienne},
    year = 1986,
    pagetotal = {38},
    language = {français},
    keywords = {collectif-crh, crh-1986}
    }

@incollection{Chartier2268-1986,
    author = {Chartier, Roger},
    editor = {A.Dutu},
    title = {Carti albastre si lecturi populare},
    booktitle = {Dimensiunea umana a istoriei. Directii in istoria mentalitatilor},
    publisher = {Editura Meridiane},
    location = {Bucarest},
    year = 1986,
    pagetotal = {30},
    language = {roumain},
    keywords = {collectif-crh, crh-1986}
    }

@incollection{Bardet2685-1986,
    author = {Bardet, Jean-Pierre},
    editor = {P.Butel and L.M.Cullen},
    title = {Quelques réflexions sur la mesure de l'émigration urbaine},
    booktitle = {Cities and Merchants, French and Irish Perspectives on Urban Development, 1500-1800},
    publisher = {},
    location = {Dublin},
    year = 1986,
    pagetotal = {6},
    language = {français},
    keywords = {collectif-crh, crh-1986}
    }

@incollection{Milo2713-1986,
    author = {Milo, Daniel},
    editor = {P.Nora},
    title = {Le nom des rues},
    booktitle = {Les lieux de Mémoire, II: La Nation},
    publisher = {Gallimard},
    location = {Paris},
    year = 1986,
    pagetotal = {33},
    language = {français},
    keywords = {collectif-crh, crh-1986}
    }

@incollection{Bardet2745-1986,
    author = {Bardet, Jean-Pierre and H. Charbonneau},
    editor = {J.Goy and J.P.Wallot},
    title = {Cultures et milieux en France et en Nouvelle-France : la différenciation des comportements démographiques},
    booktitle = {Evolution et Eclatement du Monde rural},
    publisher = {},
    location = {Paris/Montréal},
    year = 1986,
    pagetotal = {14},
    language = {français},
    keywords = {collectif-crh, crh-1986}
    }

@incollection{Baulant2754-1986,
    author = {Baulant, Micheline},
    editor = {P. Maclouf},
    title = {L'utilisation des inventaires après-décès : l'exemple de la région de Meaux (XVIIe et XVIIIe siècles)},
    booktitle = {La pauvreté dans le monde rural},
    publisher = {},
    location = {Paris},
    year = 1986,
    pagetotal = {9},
    language = {français},
    keywords = {collectif-crh, crh-1986}
    }

@incollection{Bourdelais2817-1986,
    author = {Bourdelais, Patrice},
    editor = {?},
    title = {L'iconographie d'une épidémie nouvelle, le choléra de 1832},
    booktitle = {Littérature, Médecine, Société, Epidémies-Fléaux},
    publisher = {},
    location = {Nantes},
    year = 1986,
    pagetotal = {16},
    language = {français},
    keywords = {collectif-crh, crh-1986}
    }

@incollection{Braunstein2844-1986,
    author = {Braunstein, Philippe},
    editor = {?},
    title = {Venezia e la Germania nel Medioevo},
    booktitle = {Venezia e la Germania},
    publisher = {},
    location = {Milan},
    year = 1986,
    pagetotal = {15},
    language = {italien},
    keywords = {collectif-crh, crh-1986}
    }

@incollection{Chartier2867-1986,
    author = {Chartier, Roger},
    editor = {Ph. Ariès and Vol. Dirigé Par R. Chartier},
    title = {Les pratiques de l'art},
    booktitle = {Histoire de la vie privée},
    publisher = {Seuil},
    location = {Paris},
    year = 1986,
    pagetotal = {50},
    language = {français},
    keywords = {collectif-crh, crh-1986}
    }

@incollection{Chartier2868-1986,
    author = {Chartier, Roger and J. Hébrard},
    editor = {H.-J. Martin and R. Chartier},
    title = {Les imaginaires de la lecture},
    booktitle = {Histoire de l'Edition Française, t. IV - Le livre concurrencé 1900-1950},
    publisher = {Promodis},
    location = {Paris},
    year = 1986,
    pagetotal = {14},
    language = {français},
    keywords = {collectif-crh, crh-1986}
    }

@incollection{Chartier2869-1986,
    author = {Chartier, Roger},
    editor = {D.Julia and J.Revel and D.Julia},
    title = {Espace social et imaginaire social : les intellectuels frustrés au XVIIe siècle},
    booktitle = {Les Universités européennes du XVIe au XVIIIe siècles. Histoire sociale des populations étudiantes},
    publisher = {EHESS},
    location = {Paris},
    year = 1986,
    pagetotal = {16},
    language = {français},
    keywords = {collectif-crh, crh-1986}
    }

@incollection{Ducreux2983-1986,
    author = {Ducreux, Marie-Elisabeth},
    editor = {Daniela Dalla Valle},
    title = {Adam Michna d'Otradovice (1600-1676 ?), maniériste mystique},
    booktitle = {Manierismo e letteratura},
    publisher = {},
    location = {Turin},
    year = 1986,
    pagetotal = {23},
    language = {français},
    keywords = {collectif-crh, crh-1986}
    }

@incollection{Guillou3158-1986,
    author = {Guillou, André},
    editor = {?},
    title = {La langue des actes de la pratique juridique},
    booktitle = {Aphiérôma ston Niko Sborono},
    publisher = {},
    location = {Réthymno},
    year = 1986,
    pagetotal = {13},
    language = {français},
    keywords = {collectif-crh, crh-1986}
    }

@incollection{Nora3218-1986,
    author = {Nora, Pierre},
    editor = {P.Nora},
    title = {Les Mémoires d'Etat},
    booktitle = {Les Lieux de mémoire, II - La Nation},
    publisher = {Gallimard},
    location = {Paris},
    year = 1986,
    pagetotal = {51},
    language = {français},
    keywords = {collectif-crh, crh-1986}
    }

@incollection{Nora3231-1986,
    author = {Nora, Pierre},
    editor = {P.Nora},
    title = {L'Histoire de France de Lavisse},
    booktitle = {Les Lieux de mémoire, II - La Nation},
    publisher = {Gallimard},
    location = {Paris},
    year = 1986,
    pagetotal = {61},
    language = {français},
    keywords = {collectif-crh, crh-1986}
    }

@incollection{Mouradian3335-1986,
    author = {Mouradian, Claire},
    editor = {?},
    title = {Les Arméniens},
    booktitle = {Etat du Monde 1986},
    publisher = {La découverte},
    location = {Paris},
    year = 1986,
    pagetotal = {2},
    language = {français},
    keywords = {collectif-crh, crh-1986}
    }

@incollection{Pomian3434-1986,
    author = {Pomian, Krzysztof},
    editor = {?},
    title = {Political Influence of East European Churches : Reality or Illusion ?},
    booktitle = {Churches Underway},
    publisher = {},
    location = {La Haye},
    year = 1986,
    pagetotal = {7},
    language = {anglais},
    keywords = {collectif-crh, crh-1986}
    }

@incollection{Netter3475-1986,
    author = {Netter, Marie-Laurence},
    editor = {?},
    title = {Sorel et Gide, à propos d'une querelle littéraire},
    booktitle = {Cahiers de l'Herne Georges Sorel},
    publisher = {},
    location = {Paris},
    year = 1986,
    pagetotal = {9},
    language = {français},
    keywords = {collectif-crh, crh-1986}
    }

@incollection{Revel3483-1986,
    author = {Revel, Jacques},
    editor = {?},
    title = {La culture populaire : sur les usages et les abus d'une notion},
    booktitle = {Las culturas populares},
    publisher = {Editorial Universitad Complutense},
    location = {Madrid},
    year = 1986,
    pagetotal = {17},
    language = {français},
    keywords = {collectif-crh, crh-1986}
    }

@incollection{Revel3484-1986,
    author = {Revel, Jacques},
    editor = {Philippe Ariès and Roger Chartier},
    title = {Les usages de la civilité},
    booktitle = {Histoire de la vie privée. Tome 3 (traduit en italien, anglais, espagnol et portugais)},
    publisher = {Seuil},
    location = {Paris},
    year = 1986,
    pagetotal = {41},
    language = {français},
    keywords = {collectif-crh, crh-1986}
    }

@incollection{Schmitt3524-1986,
    author = {Schmitt, Jean-Claude},
    editor = {?},
    title = {Introduccio a una historia de l'imaginari medieval},
    booktitle = {El mon imaginari i el mon merravallos a l'Edat mitana},
    publisher = {Fundaxio Caixa de Pensions},
    location = {Barcelone},
    year = 1986,
    pagetotal = {19},
    language = {espagnol},
    keywords = {collectif-crh, crh-1986}
    }

@incollection{Schmitt3525-1986,
    author = {Schmitt, Jean-Claude},
    editor = {?},
    title = {Le médiéviste et la culture populaire},
    booktitle = {Culturas populares : differencias, divergencias, conflictos},
    publisher = {Casa de Velazquez},
    location = {Madrid},
    year = 1986,
    pagetotal = {12},
    language = {français},
    keywords = {collectif-crh, crh-1986}
    }

@incollection{Schmitt3527-1986,
    author = {Schmitt, Jean-Claude},
    editor = {?},
    title = {Problèmes religieux de la genèse de l'Etat moderne},
    booktitle = {Etat et Eglise dans la genèse de l'Etat moderne},
    publisher = {Casa de Velazquez},
    location = {madrid},
    year = 1986,
    pagetotal = {8},
    language = {français},
    keywords = {collectif-crh, crh-1986}
    }

@incollection{Velay3598-1986,
    author = {Velay-Vallantin, Catherine},
    editor = {?},
    title = {Le devenir de la Bibliothèque bleue au Québec, XVIIe-XIXe siècles},
    booktitle = {Evolution et éclatement du monde rural, France-Québec XVII-XXe siècles},
    publisher = {EHESS/Presses de l'université de Montréal},
    location = {Montréal/Paris},
    year = 1986,
    pagetotal = {7},
    language = {français},
    keywords = {collectif-crh, crh-1986}
    }

@incollection{Pomian5149-1986,
    author = {Pomian, Krzysztof},
    editor = {K.Michalski},
    title = {Die Krise der Zukunft},
    booktitle = {Über die Krise},
    publisher = {},
    location = {Stuttgart},
    year = 1986,
    pagetotal = {22},
    language = {allemand},
    keywords = {collectif-crh, crh-1986}
    }

@incollection{Reberioux5197-1986,
    author = {Reberioux, Madeleine},
    editor = {F.Boll},
    title = {Arbeiterbewusstsein und Arbeiterkultur im Frankreuch swischen den beiden Weltkriegen},
    booktitle = {Arbeiterkulturen zwischen Alltag und Politik},
    publisher = {},
    location = {Vienne/Dusseldorf},
    year = 1986,
    pagetotal = {},
    language = {allemand},
    keywords = {collectif-crh, crh-1986}
    }

@incollection{Pomian5260-1986,
    author = {Pomian, Krzysztof},
    editor = {G.Arnaldi and M.Pastore Stocchi},
    title = {Antiquari, naturalisti, collezionisti},
    booktitle = {Storia della cultura veneta. Dalla Controriforma alla fine della Repubblica : Il Settecento},
    publisher = {},
    location = {Vicence},
    year = 1986,
    pagetotal = {70},
    language = {italien},
    keywords = {collectif-crh, crh-1986}
    }

@incollection{Pomian5293-1986,
    author = {Pomian, Krzysztof},
    editor = {J.Bessière},
    title = {Temps, littérature et autonomie des signes},
    booktitle = {Signes du roman, signes de la transition},
    publisher = {},
    location = {Paris},
    year = 1986,
    pagetotal = {18},
    language = {français},
    keywords = {collectif-crh, crh-1986}
    }

@incollection{Pomian5318-1986,
    author = {Pomian, Krzysztof},
    editor = {P.Zambelli},
    title = {Astrology as a Naturalistic Theology of History},
    booktitle = {Astrologi hallucinati'. Stars and the End of the World in Luther's Time},
    publisher = {},
    location = {Berlin},
    year = 1986,
    pagetotal = {15},
    language = {anglais},
    keywords = {collectif-crh, crh-1986}
    }

@incollection{Pomian5452-1986,
    author = {Pomian, Krzysztof},
    editor = {P.Nora},
    title = {L'heure des 'Annales'},
    booktitle = {Les Lieux de mémoire, II - La Nation},
    publisher = {Gallimard},
    location = {Paris},
    year = 1986,
    pagetotal = {53},
    language = {français},
    keywords = {collectif-crh, crh-1986}
    }

@incollection{LeRoyLadurie5722-1986,
    author = {Le Roy Ladurie, Emmanuel},
    editor = {P.Nora},
    title = {Nord-Sud},
    booktitle = {Les Lieux de mémoire, II - La Nation},
    publisher = {Gallimard},
    location = {Paris},
    year = 1986,
    pagetotal = {24},
    language = {français},
    keywords = {collectif-crh, crh-1986}
    }

@incollection{LeBras5723-1986,
    author = {Le Bras, Hervé},
    editor = {P.Nora},
    title = {La statistique générale de la France},
    booktitle = {Les Lieux de mémoire, II - La Nation},
    publisher = {Gallimard},
    location = {Paris},
    year = 1986,
    pagetotal = {38},
    language = {français},
    keywords = {collectif-crh, crh-1986}
    }

@incollection{Guillou3155-1986,
    author = {Guillou, André},
    editor = {A. Guillou},
    title = {Avant-propos et introduction},
    booktitle = {Les outils dans les Balkans du Moyen Age à nos jours},
    publisher = {},
    location = {Paris},
    year = 1986,
    pagetotal = {15},
    language = {français},
    keywords = {intro-preface-crh, crh-1986}
    }

@incollection{Bardet2752-1986,
    author = {Bardet, Jean-Pierre},
    editor = {J.-P. Bardet and P. Bourdelais and A.},
    title = {Conclusion},
    booktitle = {Peurs et Terreurs face à la Contagion},
    publisher = {Fayard},
    location = {Paris},
    year = 1986,
    pagetotal = {16},
    language = {français},
    keywords = {intro-book-crh, crh-1986}
    }

@article{Brabant2832-1986,
    author = {Brabant, Eva},
    title = {Introduction: L'ami des fous},
    journal = {Le Coq Héron},
    issuetitle = {Mes adieux à la Maison Jaune,},
    year = 1986,
    language = {français},
    keywords = {intro-journal-crh, crh-1986}
    }

@article{Valensi3590-1986,
    author = {Valensi, Lucette},
    title = {Présentation},
    journal = {Annales E.S.C. Sociétés plurielles},
    year = 1986,
    language = {français},
    keywords = {intro-journal-crh, crh-1986}
    }

@incollection{Guillou3160-1986,
    author = {Guillou, André},
    editor = {},
    title = {préface},
    booktitle = {Il prato e l'Ape. Il sapere sentenzioso del monaco Giovanni},
    publisher = {},
    location = {Vienne (Autriche)},
    year = 1986,
    pagetotal = {2},
    language = {italien},
    keywords = {preface-book-crh, crh-1986}
    }

@book{Chartier2881-1986,
    author = {Chartier, Roger},
    title = {Le temps de l'histoire},
    publisher = {Seuil},
    series = {},
    location = {Paris},
    year = 1986,
    pagetotal = {23},
    language = {français},
    % addendum = {L'amitié de l'histoire},
    keywords = {edition-txt-crh, crh-1986}
    }

@book{Ferro3027-1986,
    author = {Ferro, Marc},
    editor = {},
    title = {Comment on raconte l'histoire aux enfants à travers le monde entier (traductions en Italien, Allemand, Néerlandais, Japonais et Américain)},
    publisher = {Gallimard},
    series = {coll. Folio},
    location = {Paris},
    year = 1986,
    pagetotal = {},
    language = {français},
    addendum = {réédition},
    keywords = {reedition-crh, crh-1986}
    }

@incollection{Hemardinquer3180-1986,
    author = {Hemardinquer, Jean-Jacques},
    editor = {B. Quemada},
    title = {Textes des XVIe-XXe siècles},
    booktitle = {Matériaux pour l'histoire du vocabulaire français, Datations et Documents lexicographiques},
    publisher = {Klincksieck},
    series = {},
    location = {Paris},
    year = 1986,
    pagetotal = {},
    language = {français},
    keywords = {outil-recherche-crh, crh-1986}
    }

@book{LeMee3297-1986,
    author = {Le Mee, René},
    editor = {},
    title = {Bibliographie Internationale de Démographie historique},
    publisher = {},
    series = {},
    location = {Liège},
    year = 1986,
    pagetotal = {},
    language = {français},
    keywords = {outil-recherche-crh, crh-1986}
    }

@incollection{Halevi3622-1986,
    author = {Halevi, Ran-Yedid},
    editor = {P. Vidal-Naquet},
    title = {La Révolution française et la guerre contre l'Europe : 1789-1799},
    booktitle = {Atlas Historique},
    publisher = {},
    series = {},
    location = {},
    year = 1986,
    pagetotal = {},
    language = {français},
    keywords = {outil-recherche-crh, crh-1986}
    }

@thesis{Biquard2814-1986,
    author = {Biquard, Claire},
    title = {La lutte de l'Eglise contre les fêtes païennes, les jeux et les divertissements au XVIe et XVIIe siècles (thèse de doctorat de 3e cycle)},
    institution = {},
    location = {},
    year = 1986,
    pagetotal = {},
    language = {français},
    keywords = {theses-crh, crh-1986}
    }

@misc{Pomian3441-1986,
    author = {Pomian, Krzysztof},
    title = {L'idée de culture aujourd'hui. Conférence à l'Ecole Polytechnique},
    year = 1986,
    language = {français},
    keywords = {conf-crh, crh-1986}
    }

