@article{Andreau3644-1991,
    author = {Andreau, Jean},
    title = {L'influence de Michel I. Rostovtzeff en Europe occidentale et en Amérique du Nord},
    journal = {VDI},
    year = 1991,
    language = {français},
    keywords = {art-crh, crh-1991}
    }

@article{Arbellot3650-1991,
    author = {Arbellot, Guy},
    title = {Les premières cartes routières de France (XVIIe-XIXe siècles)},
    journal = {Revue de la Bibliothèque Nationale},
    year = 1991,
    language = {français},
    keywords = {art-crh, crh-1991}
    }

@article{Baschet3656-1991,
    author = {Baschet, Jérome and J.-C. Schmitt and J.-C. Bonne},
    title = {Les images médiévales (notes critiques)},
    journal = {Annales E.S.C},
    year = 1991,
    language = {français},
    keywords = {art-crh, crh-1991}
    }

@article{Bavant3665-1991,
    author = {Bavant, Bernard and V. Kondic and J.-M. Spieser},
    title = {Caricin Grad, campagne 1989},
    journal = {Mélanges de l'Ecole Française de Rome},
    year = 1991,
    language = {français},
    keywords = {art-crh, crh-1991}
    }

@article{Benoit3674-1991,
    author = {Benoit, Serge},
    title = {Un grand établissement industriel dans la vallée de l'Armançon au XIXe siècle : les Forges d'Ancy-le-Franc. Première Partie. Les hommes, les entreprises, les stratégies industrielles : du marquis de Louvois à la Compagnie anonyme des Forges de Châtillon e},
    journal = {Bulletin de la Société des Sciences historiques et naturelles de l'Yonne},
    year = 1991,
    language = {français},
    keywords = {art-crh, crh-1991}
    }

@article{Berlioz3695-1991,
    author = {Berlioz, Jacques},
    title = {Un Petit chaperon rouge médiéval ? La petite fille épargnée par les loups dans <Vvi>La Fecunda ratis</Vvi> d'Egbert de Liège (début du XIe siècle)},
    journal = {Merveilles et contes},
    year = 1991,
    language = {français},
    keywords = {art-crh, crh-1991}
    }

@article{Boureau3747-1991,
    author = {Boureau, Alain},
    title = {La croyance comme compétence. Une nouvelle histoire des mentalités},
    journal = {Critique},
    year = 1991,
    language = {français},
    keywords = {art-crh, crh-1991}
    }

@article{Boureau3749-1991,
    author = {Boureau, Alain},
    title = {L'historien et le stigmate de l'évènement},
    journal = {Raisons pratiques},
    year = 1991,
    language = {français},
    keywords = {art-crh, crh-1991}
    }

@article{Boureau3753-1991,
    author = {Boureau, Alain},
    title = {Les cérémonies royales françaises entre performance juridique et compétence liturgique},
    journal = {Annales E.S.C.},
    year = 1991,
    language = {français},
    keywords = {art-crh, crh-1991}
    }

@article{Brabant3778-1991,
    author = {Brabant, Eva},
    title = {Freud, Ferenczi, ces fils d'immigrés},
    journal = {Thalassa},
    year = 1991,
    language = {français},
    keywords = {art-crh, crh-1991}
    }

@article{Braunstein3789-1991,
    author = {Braunstein, Philippe},
    title = {Forêts d'Europe au Moyen-Age},
    journal = {Cahiers du Centre de Recherches Historiques},
    year = 1991,
    language = {français},
    keywords = {art-crh, crh-1991}
    }

@article{Braunstein3791-1991,
    author = {Braunstein, Philippe},
    title = {Racontarsi : le fonti tedesche per una storia della famiglia e dell' individuo alla fine del Medioevo},
    journal = {Lezioni/Strumenti},
    year = 1991,
    language = {italien},
    keywords = {art-crh, crh-1991}
    }

@article{Bruhns3804-1991,
    author = {Bruhns, Hinnerk and W. Nippel},
    title = {Max Weber, Moses I. Finley et le concept de 'cité antique'},
    journal = {OPUS, International Journal for Social \& Economic History of Antiquity},
    year = 1991,
    language = {français},
    keywords = {art-crh, crh-1991}
    }

@article{Burguiere3813-1991,
    author = {Burguiere, André},
    title = {La Révolution et la Famille},
    journal = {Annales E.S.C.},
    year = 1991,
    language = {français},
    keywords = {art-crh, crh-1991}
    }

@article{Burguiere3814-1991,
    author = {Burguiere, André},
    title = {L'aventure des Annales. Histoire et ethnologie},
    journal = {Hésiode},
    year = 1991,
    language = {français},
    keywords = {art-crh, crh-1991}
    }

@article{Burguiere3816-1991,
    author = {Burguiere, André},
    title = {La mémoire du bourgeois gentilhomme, généalogies domestiques en France au XVIIe et XVIIIe siècles},
    journal = {Annales E.S.C.},
    year = 1991,
    language = {français},
    keywords = {art-crh, crh-1991}
    }

@article{Cerutti3824-1991,
    author = {Cerutti, Simona},
    title = {Pragmatique et histoire : ce dont les sociologues sont capables},
    journal = {Annales E.S.C.},
    year = 1991,
    language = {français},
    keywords = {art-crh, crh-1991}
    }

@article{Chapelot3832-1991,
    author = {Chapelot, Jean},
    title = {Artisanats et activités de production au Moyen-Age et dans les temps modernes},
    journal = {Les archéologiques Poitou-Charentes 1991, Bilan et perspectives de la recherche régionale (1944-1990)},
    year = 1991,
    language = {français},
    keywords = {art-crh, crh-1991}
    }

@article{Chapelot3837-1991,
    author = {Chapelot, Odette},
    title = {Les ateliers de tuiliers},
    journal = {La Bourgogne médiévale, Les dossiers de l'archéologie},
    year = 1991,
    language = {français},
    keywords = {art-crh, crh-1991}
    }

@article{Chartier3853-1991,
    author = {Chartier, Roger},
    title = {El mundo como representacion},
    journal = {Historia Social},
    year = 1991,
    language = {espagnol},
    keywords = {art-crh, crh-1991}
    }

@article{Chartier3854-1991,
    author = {Chartier, Roger},
    title = {Ecriture, livre, lecture : trois histoires et un futur},
    journal = {Iichiko Intercultural},
    year = 1991,
    language = {français},
    keywords = {art-crh, crh-1991}
    }

@article{Chartier3855-1991,
    author = {Chartier, Roger},
    title = {Introduction au séminaire},
    journal = {Iichiko},
    year = 1991,
    language = {japonais},
    keywords = {art-crh, crh-1991}
    }

@article{Chartier3856-1991,
    author = {Chartier, Roger},
    title = {O Mundo como Representaçao},
    journal = {Estudios Avançados},
    year = 1991,
    language = {portugais},
    keywords = {art-crh, crh-1991}
    }

@article{Dakhlia3903-1991,
    author = {Dakhlia, Jocelyne},
    title = {Islam et nationalisme : la fin des Etats de grâce},
    journal = {Le Genre humain},
    year = 1991,
    language = {français},
    keywords = {art-crh, crh-1991}
    }

@article{Debert3912-1991,
    author = {Debert, Aline},
    title = {Bibliographie du R.-P. François Petit},
    journal = {Analecta praemonstratensia},
    year = 1991,
    language = {français},
    keywords = {art-crh, crh-1991}
    }

@article{Depeyrot3935-1991,
    author = {Depeyrot, Georges},
    title = {La monnaie au Bas-Empire (IVe-Ve siècles), Bibliographie thématique en archéologie n° 15},
    journal = {Bibliographie thématique en archéologie, Bibliographies sur l'époque romaine},
    year = 1991,
    language = {français},
    keywords = {art-crh, crh-1991}
    }

@article{Depeyrot3938-1991,
    author = {Depeyrot, Georges and A. Akerraz and M. Amandry and N.-El Khatib-Boujibar and A. Hesnard and A. Kermorvant and E. Lenoir and M. Lenoir and G. Monthel},
    title = {Dchar Jdid (Zilil) : les découvertes monétaires II},
    journal = {Bulletin de la société française de numismatique},
    year = 1991,
    language = {français},
    keywords = {art-crh, crh-1991}
    }

@article{Depeyrot3939-1991,
    author = {Depeyrot, Georges and M. Bompaire and D. Rouquette},
    title = {Trouvaille de monnaies du XIIIe siècle dans la garrigue à Viols-le-Fort},
    journal = {Bulletin de la société française de numismatique},
    year = 1991,
    language = {français},
    keywords = {art-crh, crh-1991}
    }

@article{Depeyrot3940-1991,
    author = {Depeyrot, Georges},
    title = {Quelques types et symboles sur les monnaies du Bas-Empire},
    journal = {Cahiers Numismatiques},
    year = 1991,
    language = {français},
    keywords = {art-crh, crh-1991}
    }

@article{Depeyrot3941-1991,
    author = {Depeyrot, Georges},
    title = {Les monnaies},
    journal = {Revue archéologique Narbonnaise},
    year = 1991,
    language = {français},
    keywords = {art-crh, crh-1991}
    }

@article{Depeyrot3944-1991,
    author = {Depeyrot, Georges},
    title = {Frappes, échanges et cités dans le Sud-Ouest gaulois (IIe s. av. J.-C. - Ve s. ap. J.-C)},
    journal = {Cahiers numismatiques},
    year = 1991,
    language = {français},
    keywords = {art-crh, crh-1991}
    }

@article{Depeyrot3945-1991,
    author = {Depeyrot, Georges},
    title = {Le rôle de la monnaie au Bas-Empire romain},
    journal = {Cahiers Monnaie et Financement},
    year = 1991,
    language = {français},
    keywords = {art-crh, crh-1991}
    }

@article{Depeyrot3946-1991,
    author = {Depeyrot, Georges},
    title = {Réponses à la note de J. Maucourant},
    journal = {Cahiers Monnaie et Financement},
    year = 1991,
    language = {français},
    keywords = {art-crh, crh-1991}
    }

@article{Depeyrot3947-1991,
    author = {Depeyrot, Georges},
    title = {Numismatique et statistique},
    journal = {Le micro-bulletin},
    year = 1991,
    language = {français},
    keywords = {art-crh, crh-1991}
    }

@article{Depeyrot3948-1991,
    author = {Depeyrot, Georges and G. Danicourt},
    title = {Quelques trésors du toulousain},
    journal = {Cahiers numismatiques},
    year = 1991,
    language = {français},
    keywords = {art-crh, crh-1991}
    }

@article{Descimon3966-1991,
    author = {Descimon, Robert},
    title = {La royauté française entre féodalité et sacerdoce. Roi seigneur ou roi magistrat ?},
    journal = {Revue de Synthèse},
    year = 1991,
    language = {français},
    keywords = {art-crh, crh-1991}
    }

@article{Duchesne3986-1991,
    author = {Duchesne, Annie and G. Vigarello},
    title = {Le tabac imaginaire d'un excitant sous l'Ancien Régime},
    journal = {Ethnologie française},
    year = 1991,
    language = {français},
    keywords = {art-crh, crh-1991}
    }

@article{Elboudrari3996-1991,
    author = {Elboudrari, Hassan},
    title = {Transmission du charisme et institutionnalisation : le cas de la zaouia d'Ouezzane, Maroc, (17-19e siècles)},
    journal = {Al-Qantara, Revista de Estudios, Arabes},
    year = 1991,
    language = {français},
    keywords = {art-crh, crh-1991}
    }

@article{Emptoz4004-1991,
    author = {Emptoz, Gérard},
    title = {Des produits chimiques très recherchés : les acides gras pour la fabrication des bougies, ou la naissance de la lipochimie industrielle au XIXe siècle},
    journal = {Culture technique},
    year = 1991,
    language = {français},
    keywords = {art-crh, crh-1991}
    }

@article{Emptoz4005-1991,
    author = {Emptoz, Gérard},
    title = {Formations à la muséologie en Europe},
    journal = {La lettre de l'OCIM},
    year = 1991,
    language = {français},
    keywords = {art-crh, crh-1991}
    }

@article{Fauve4020-1991,
    author = {Fauve-Chamoux, Antoinette},
    title = {Starosc i stamienie sie w vodach pirenejskich w XVIII-XIXw.   (Vieillir dans les Pyrénées aux XVIIIe et XIXe siècles)},
    journal = {Przeszlosc Demograficzna Polski},
    year = 1991,
    language = {polonais},
    keywords = {art-crh, crh-1991}
    }

@article{Fauve4022-1991,
    author = {Fauve-Chamoux, Antoinette},
    title = {25 lat demografii historycznej we Francji},
    journal = {Studia Podlaskie},
    year = 1991,
    language = {polonais},
    keywords = {art-crh, crh-1991}
    }

@article{Ferro4037-1991,
    author = {Ferro, Marc},
    title = {Zapad i soveckaja revoljucija (1917-1985)},
    journal = {Mirovaja ekonomika i mezdunarodnye otnosenija},
    year = 1991,
    language = {russe},
    keywords = {art-crh, crh-1991}
    }

@article{Ferro4038-1991,
    author = {Ferro, Marc and A. Salomoni},
    title = {Discours médical, Révolution et maladie en URSS},
    journal = {Chimères},
    year = 1991,
    language = {français},
    keywords = {art-crh, crh-1991}
    }

@article{Fridenson4060-1991,
    author = {Fridenson, Patrick},
    title = {Selling the innovation : French and German color TV devices in the 1960s},
    journal = {Business and Economic History},
    year = 1991,
    language = {anglais},
    keywords = {art-crh, crh-1991}
    }

@article{Fridenson4061-1991,
    author = {Fridenson, Patrick},
    title = {La société française et les accidents de la route (1890-1914),},
    journal = {Ethnologie française},
    year = 1991,
    language = {français},
    keywords = {art-crh, crh-1991}
    }

@article{Froeschle4082-1991,
    author = {Froeschle-Chopard, Marie-Hélène},
    title = {Le Rosaire : parole et image},
    journal = {Annales de Bretagne et des pays de l'Ouest},
    year = 1991,
    language = {français},
    keywords = {art-crh, crh-1991}
    }

@article{Froeschle4083-1991,
    author = {Froeschle-Chopard, Marie-Hélène},
    title = {La dévotion au Rosaire à travers quelques livres de piété},
    journal = {Histoire, Economie, Société},
    year = 1991,
    language = {français},
    keywords = {art-crh, crh-1991}
    }

@article{Godet4089-1991,
    author = {Godet, Martine},
    title = {Le cinéma soviétique à l'heure de la perestroïka},
    journal = {Vingtième siècle, Revue d'histoire},
    year = 1991,
    language = {français},
    keywords = {art-crh, crh-1991}
    }

@article{Goldberg4100-1991,
    author = {Goldberg, Sylvie-Anne},
    title = {La Judenstadt, ségrégation sociale ou tissu urbain ?},
    journal = {Pardes},
    year = 1991,
    language = {français},
    keywords = {art-crh, crh-1991}
    }

@article{Goldberg4101-1991,
    author = {Goldberg, Sylvie-Anne},
    title = {Juifs français et Français juifs, ou l'éternel retour},
    journal = {Revue},
    year = 1991,
    language = {français},
    keywords = {art-crh, crh-1991}
    }

@article{Goldberg4102-1991,
    author = {Goldberg, Sylvie-Anne},
    title = {Entre la vie et la mort : la Hevra qadicha (Prague XVIe-XIXe siècles)},
    journal = {Revue des Etudes Juives},
    year = 1991,
    language = {français},
    keywords = {art-crh, crh-1991}
    }

@article{Goubert4108-1991,
    author = {Goubert, Jean-Pierre},
    title = {Entre Ancien Régime et Révolution : les chirurgiens vus par eux-mêmes (1790-1791)},
    journal = {Dix-huitième siècle},
    year = 1991,
    language = {français},
    keywords = {art-crh, crh-1991}
    }

@article{Green4128-1991,
    author = {Green, Nancy},
    title = {L'immigration en France et aux Etats-Unis, Historiographie comparée},
    journal = {Vingtième siècle},
    year = 1991,
    language = {français},
    keywords = {art-crh, crh-1991}
    }

@article{Grenier4135-1991,
    author = {Grenier, Jean-Yves},
    title = {Du rôle du graphique dans l'analyse historique des séries temporelles},
    journal = {Mémoire vive. Bulletin de l'Association française pour l'histoire et l'informatique},
    year = 1991,
    language = {français},
    keywords = {art-crh, crh-1991}
    }

@article{Grenier4136-1991,
    author = {Grenier, Jean-Yves},
    title = {Séries temporelles, structure et conjoncture : le prix du blé à l'époque moderne},
    journal = {Histoire et Mesure},
    year = 1991,
    language = {français},
    keywords = {art-crh, crh-1991}
    }

@article{Grenier4137-1991,
    author = {Grenier, Jean-Yves},
    title = {Réflexions libres sur l'usage des méthodes statistiques en histoire},
    journal = {Histoire et Mesure},
    year = 1991,
    language = {français},
    keywords = {art-crh, crh-1991}
    }

@article{Grinberg4146-1991,
    author = {Grinberg, Martine},
    title = {La légitimité sur le fil du rasoir},
    journal = {Cahiers de lectures freudiennes, Lysimaque},
    year = 1991,
    language = {français},
    keywords = {art-crh, crh-1991}
    }

@article{Guelle4152-1991,
    author = {Guelle, Françoise},
    title = {Le déséquilibre commercial nippo-européen dans l'automobile},
    journal = {Japon in Extenso},
    year = 1991,
    language = {français},
    keywords = {art-crh, crh-1991}
    }

@article{Guerreau4163-1991,
    author = {Guerreau, Alain},
    title = {Observations statistiques élémentaires sur une série de dates de vendanges (fin XVe-fin XXe siècles)},
    journal = {Histoire et Mesure},
    year = 1991,
    language = {français},
    keywords = {art-crh, crh-1991}
    }

@article{Guerreau4164-1991,
    author = {Guerreau, Alain and M. Bompaire},
    title = {Patac de Sixte IV découvert à Mâcon (Saône-et-Loire)},
    journal = {Bulletin de la société française de numismatique},
    year = 1991,
    language = {français},
    keywords = {art-crh, crh-1991}
    }

@article{Guerreau4165-1991,
    author = {Guerreau, Alain},
    title = {Georges Duby et l'histoire de la parenté au Moyen-Age},
    journal = {Sciences humaines},
    year = 1991,
    language = {français},
    keywords = {art-crh, crh-1991}
    }

@article{Guery4172-1991,
    author = {Guery, Alain},
    title = {La Pologne vue de France au XVIIIe siècle},
    journal = {Cahiers du Centre de Recherches Historiques},
    year = 1991,
    language = {français},
    keywords = {art-crh, crh-1991}
    }

@article{Guery4173-1991,
    author = {Guery, Alain},
    title = {Principe monarchique ou roi très chrétien ? Les funérailles du roi de France},
    journal = {Revue de Synthèse},
    year = 1991,
    language = {français},
    keywords = {art-crh, crh-1991}
    }

@article{Guery4174-1991,
    author = {Guery, Alain},
    title = {Les comptes de la mort vague après la guerre},
    journal = {Histoire et Mesure},
    year = 1991,
    language = {français},
    keywords = {art-crh, crh-1991}
    }

@article{Jouhaud4205-1991,
    author = {Jouhaud, Christian},
    title = {Richelieu, or 'Baroque' Power in Action},
    journal = {Yale French Studies},
    year = 1991,
    language = {anglais},
    keywords = {art-crh, crh-1991}
    }

@article{Julia4220-1991,
    author = {Julia, Dominique},
    title = {L'Historien et le pouvoir des clefs : Alphonse Dupront},
    journal = {Cahiers du Centre de Recherches Historiques},
    year = 1991,
    language = {français},
    keywords = {art-crh, crh-1991}
    }

@article{Julliard4236-1991,
    author = {Julliard, Jacques},
    title = {Les instruments de l'échange intellectuel au tournant du XXe siècle. Les origines d'une recherche},
    journal = {Cahiers du Centre de Recherches Historiques},
    year = 1991,
    language = {français},
    keywords = {art-crh, crh-1991}
    }

@article{Julliard4237-1991,
    author = {Julliard, Jacques},
    title = {De l'extrémisme à droite},
    journal = {Mil neuf cent, Revue d'histoire intellectuelle},
    year = 1991,
    language = {français},
    keywords = {art-crh, crh-1991}
    }

@article{Klapisch4247-1991,
    author = {Klapisch-Zuber, Christiane},
    title = {L'aïeul des généalogies toscanes},
    journal = {Annales de démographie historique},
    year = 1991,
    language = {français},
    keywords = {art-crh, crh-1991}
    }

@article{LeBras4268-1991,
    author = {Le Bras, Hervé},
    title = {Les Français ont-ils moins d'enfants ?},
    journal = {Psychiatrie Française},
    year = 1991,
    language = {français},
    keywords = {art-crh, crh-1991}
    }

@article{Lemay4303-1991,
    author = {Lemay, Edna},
    title = {Les révélations d'un dictionnaire : du nouveau sur la composition de l'Assemblée nationale constituante (1789-1791)},
    journal = {Annales historiques de la Révolution française},
    year = 1991,
    language = {français},
    keywords = {art-crh, crh-1991}
    }

@article{LeMee4314-1991,
    author = {Le Mee, René},
    title = {Information démographique. Orientation bibliographique},
    journal = {Population et avenir},
    year = 1991,
    language = {français},
    keywords = {art-crh, crh-1991}
    }

@article{Lepetit4324-1991,
    author = {Lepetit, Bernard},
    title = {C'est arrivé à Lournand},
    journal = {Médiévales},
    year = 1991,
    language = {français},
    keywords = {art-crh, crh-1991}
    }

@article{Mane4350-1991,
    author = {Mane, Perrine},
    title = {Abeilles et apiculture dans l'iconographie médiévale},
    journal = {Anthropozoologica},
    year = 1991,
    language = {français},
    keywords = {art-crh, crh-1991}
    }

@article{Mane4351-1991,
    author = {Mane, Perrine},
    title = {Images de panification au Moyen-Age. La préparation alimentaire des céréales},
    journal = {Pact},
    year = 1991,
    language = {français},
    keywords = {art-crh, crh-1991}
    }

@article{Mane4352-1991,
    author = {Mane, Perrine},
    title = {Images médiévales de la pêche en eau douce},
    journal = {Journal des Savants},
    year = 1991,
    language = {français},
    keywords = {art-crh, crh-1991}
    }

@article{Podselver4428-1991,
    author = {Podselver, Laurence},
    title = {Gutwirth's, les judéo-chrétiens d'aujourd'hui},
    journal = {The Jewish Quaterly Review},
    year = 1991,
    language = {français},
    keywords = {art-crh, crh-1991}
    }

@article{PoloDeBeaulieu4434-1991,
    author = {Polo De Beaulieu, Marie-Anne},
    title = {Recueils d'exempla méridionaux et culte des âmes du purgatoire},
    journal = {Cahiers de Fanjeaux},
    year = 1991,
    language = {français},
    keywords = {art-crh, crh-1991}
    }

@article{Pomian4461-1991,
    author = {Pomian, Krzysztof},
    title = {Les particularités historiques de l'Europe centrale et orientale},
    journal = {Le débat},
    year = 1991,
    language = {français},
    keywords = {art-crh, crh-1991}
    }

@article{Pomian4462-1991,
    author = {Pomian, Krzysztof},
    title = {L'Europe centrale. Réalité, mythe, enjeu XVIIIe-XXe siècles},
    journal = {Les Cahiers de Varsovie},
    year = 1991,
    language = {français},
    keywords = {art-crh, crh-1991}
    }

@article{Pomian4463-1991,
    author = {Pomian, Krzysztof},
    title = {Musée, nation, musée national},
    journal = {Le débat},
    year = 1991,
    language = {français},
    keywords = {art-crh, crh-1991}
    }

@article{Pomian4464-1991,
    author = {Pomian, Krzysztof},
    title = {France et Europe centrale : Les Intermédiaires},
    journal = {Cahiers du Centre de Recherches Historiques},
    year = 1991,
    language = {français},
    keywords = {art-crh, crh-1991}
    }

@article{Pomian4465-1991,
    author = {Pomian, Krzysztof},
    title = {Heidegger i wartosci burzuazyjne},
    journal = {Aletheia},
    year = 1991,
    language = {polonais},
    keywords = {art-crh, crh-1991}
    }

@article{Pomian4466-1991,
    author = {Pomian, Krzysztof},
    title = {Niente certezze, solo post},
    journal = {Leggere},
    year = 1991,
    language = {italien},
    keywords = {art-crh, crh-1991}
    }

@article{Pomian4468-1991,
    author = {Pomian, Krzysztof},
    title = {Ku trzeciemu zjednoczenju europejskiemu},
    journal = {Odra},
    year = 1991,
    language = {polonais},
    keywords = {art-crh, crh-1991}
    }

@article{Pomian4469-1991,
    author = {Pomian, Krzysztof},
    title = {Rewolucja francuska, Kultura europejska, Kultury narodowe (Révolution française, culture européenne, cultures nationales)},
    journal = {ResPublica},
    year = 1991,
    language = {polonais},
    keywords = {art-crh, crh-1991}
    }

@article{Prochasson4495-1991,
    author = {Prochasson, Christophe},
    title = {Les correspondances : sources et lieux de mémoire de l'histoire intellectuelle},
    journal = {Cahiers du Centre de Recherches Historiques},
    year = 1991,
    language = {français},
    keywords = {art-crh, crh-1991}
    }

@article{Randles4510-1991,
    author = {Randles, William},
    title = {Peuples sauvages et états despotiques, la pertinence au XVIe siècle de la grille aristotélicienne pour classer les nouvelles sociétés révélées par les Découvertes au Brésil, en Afrique et en Asie},
    journal = {Mare Liberium},
    year = 1991,
    language = {français},
    keywords = {art-crh, crh-1991}
    }

@article{Revel4517-1991,
    author = {Revel, Jacques},
    title = {Knowledge of the Territory},
    journal = {Science in Context},
    year = 1991,
    language = {anglais},
    keywords = {art-crh, crh-1991}
    }

@article{Revel4519-1991,
    author = {Revel, Jacques},
    title = {Michel de Certeau : lieux et figures du religieux},
    journal = {Revue},
    year = 1991,
    language = {français},
    keywords = {art-crh, crh-1991}
    }

@article{Rucquoi4543-1991,
    author = {Rucquoi, Adeline},
    title = {Hospitalisation et charité à Valladolid},
    journal = {Les Sociétés urbaines en France méridionale et en Péninsule Ibérique au Moyen-Age},
    year = 1991,
    language = {français},
    keywords = {art-crh, crh-1991}
    }

@article{Scherrer4561-1991,
    author = {Scherrer, Jutta},
    title = {Religioznye poiski russkoj intelligencii nacala XX veka},
    journal = {Obscestvennye nauki i sovremennost},
    year = 1991,
    language = {russe},
    keywords = {art-crh, crh-1991}
    }

@article{Scherrer4562-1991,
    author = {Scherrer, Jutta},
    title = {Vom schwierigen Weg in die Demokratie},
    journal = {Kursbuch},
    year = 1991,
    language = {allemand},
    keywords = {art-crh, crh-1991}
    }

@article{Scherrer4563-1991,
    author = {Scherrer, Jutta},
    title = {Les revenants dan la mêlée},
    journal = {Belvédère},
    year = 1991,
    language = {français},
    keywords = {art-crh, crh-1991}
    }

@article{Schmitt4580-1991,
    author = {Schmitt, Jean-Claude and J. Baschet},
    title = {La sexualité du Christ},
    journal = {Annales E.S.C.},
    year = 1991,
    language = {français},
    keywords = {art-crh, crh-1991}
    }

@article{Schmitt4583-1991,
    author = {Schmitt, Jean-Claude},
    title = {Megirhato-e a középkor vallartörténete ? (Une histoire du Moyen age est-elle possible?)},
    journal = {Könyvszemle Buksz},
    year = 1991,
    language = {hongrois},
    keywords = {art-crh, crh-1991}
    }

@article{Schmitt4584-1991,
    author = {Schmitt, Jean-Claude},
    title = {Le Groupe de recherches sur les images médiévales},
    journal = {Cahiers du Centre de Recherches Historiques},
    year = 1991,
    language = {français},
    keywords = {art-crh, crh-1991}
    }

@article{Schmitt4590-1991,
    author = {Schmitt, Jean-Claude},
    title = {Le Miroir du Canoniste. A propos d'un manuscrit du Décret de Gratien de la Walters Art Gallery},
    journal = {Journal of the Walters Art Gallery},
    year = 1991,
    language = {français},
    keywords = {art-crh, crh-1991}
    }

@article{Schnapper4612-1991,
    author = {Schnapper, Dominique and P. Centlivres},
    title = {Nation et droit de la nationalité suisse},
    journal = {Pouvoirs},
    year = 1991,
    language = {français},
    keywords = {art-crh, crh-1991}
    }

@article{Schnapper4614-1991,
    author = {Schnapper, Dominique},
    title = {Penser à nouveau l'universel},
    journal = {Revue Française de Science Politique},
    year = 1991,
    language = {français},
    keywords = {art-crh, crh-1991}
    }

@article{Schnapper4618-1991,
    author = {Schnapper, Dominique},
    title = {Les Juifs et la citoyenneté française},
    journal = {Commentaire},
    year = 1991,
    language = {français},
    keywords = {art-crh, crh-1991}
    }

@article{Seitz4628-1991,
    author = {Seitz, Frédéric},
    title = {Les archives de l'architecture moderne et contemporaine},
    journal = {Cahiers du Centre de Recherches Historiques},
    year = 1991,
    language = {français},
    keywords = {art-crh, crh-1991}
    }

@article{Sigaut4637-1991,
    author = {Sigaut, François},
    title = {L'animal, machine ou personne ?},
    journal = {Ethnozootechnie},
    year = 1991,
    language = {français},
    keywords = {art-crh, crh-1991}
    }

@article{Sigaut4640-1991,
    author = {Sigaut, François},
    title = {Aperçus sur l'histoire de la technologie en tant que science humaine},
    journal = {Economie et sociologie rurales, Actes et communications},
    year = 1991,
    language = {français},
    keywords = {art-crh, crh-1991}
    }

@article{Valensi4692-1991,
    author = {Valensi, Lucette},
    title = {Silence, dénégation, affabulation : le souvenir d'une grande défaite dans la culture portugaise},
    journal = {Annales E.S.C.},
    year = 1991,
    language = {français},
    keywords = {art-crh, crh-1991}
    }

@article{Velay4702-1991,
    author = {Velay-Vallantin, Catherine},
    title = {Conte et récit hagiographique : le Miracle marseillais de Marie-Madeleine},
    journal = {Medieval Folklore},
    year = 1991,
    language = {français},
    keywords = {art-crh, crh-1991}
    }

@article{Velay4703-1991,
    author = {Velay-Vallantin, Catherine},
    title = {Special Issue on Charles Perrault},
    journal = {Merveilles et Contes},
    year = 1991,
    language = {anglais},
    keywords = {art-crh, crh-1991}
    }

@article{Vincent4716-1991,
    author = {Vincent, Bernard},
    title = {Les morisques et l'élevage},
    journal = {Revue d'Histoire maghrébine},
    year = 1991,
    language = {français},
    keywords = {art-crh, crh-1991}
    }

@article{Vincent4718-1991,
    author = {Vincent, Bernard},
    title = {La crisis politica de la Monarquia francesa : las fronda},
    journal = {Manuscrits},
    year = 1991,
    language = {espagnol},
    keywords = {art-crh, crh-1991}
    }

@book{Baschet3655-1991,
    author = {Baschet, Jérome},
    title = {Lieu sacré, lieu d'images. Les fresques de Bominaco (Abruzzes, 1263) : thèmes, parcours, fonctions},
    publisher = {},
    series = {},
    location = {Paris-Rome},
    year = 1991,
    pagetotal = {},
    language = {français},
    keywords = {book-crh, crh-1991}
    }

@book{Beck3666-1991,
    author = {Beck, Corinne},
    title = {Animaux, techniques et paysages d'élevages dans les pays bourguignons et rhodano-alpins (Ier-XVe siècles)},
    publisher = {},
    series = {},
    location = {Paris},
    year = 1991,
    pagetotal = {},
    language = {français},
    keywords = {book-crh, crh-1991}
    }

@book{Bergeron3682-1991,
    author = {Bergeron, Louis},
    title = {Les Rothschild et les autres... La gloire des banquiers},
    publisher = {},
    series = {},
    location = {Paris},
    year = 1991,
    pagetotal = {},
    language = {français},
    keywords = {book-crh, crh-1991}
    }

@book{Boureau3752-1991,
    author = {Boureau, Alain},
    title = {Alter-Histoire. Essais d'histoire expérimentale},
    publisher = {},
    series = {},
    location = {Paris},
    year = 1991,
    pagetotal = {},
    language = {français},
    keywords = {book-crh, crh-1991}
    }

@book{Burguiere3815-1991,
    author = {Burguiere, André},
    title = {Paysages et Paysans},
    publisher = {},
    series = {},
    location = {Paris},
    year = 1991,
    pagetotal = {},
    language = {français},
    keywords = {book-crh, crh-1991}
    }

@book{Depeyrot3934-1991,
    author = {Depeyrot, Georges},
    title = {Crises et inflation entre Antiquité et Moyen-Age},
    publisher = {},
    series = {},
    location = {Paris},
    year = 1991,
    pagetotal = {},
    language = {français},
    keywords = {book-crh, crh-1991}
    }

@book{Ferro4035-1991,
    author = {Ferro, Marc},
    title = {Kak rasskazyvajut istoriju detjam v raznyh stranah mira},
    publisher = {},
    series = {},
    location = {Moscou},
    year = 1991,
    pagetotal = {},
    language = {russe},
    keywords = {book-crh, crh-1991}
    }

@book{Ferro4036-1991,
    author = {Ferro, Marc},
    title = {L'information en uniforme},
    publisher = {},
    series = {},
    location = {Paris},
    year = 1991,
    pagetotal = {},
    language = {français},
    keywords = {book-crh, crh-1991}
    }

@book{Fouche4051-1991,
    author = {Fouche, Nicole},
    title = {Le mouvement perpétuel, histoire de l'Hôpital américain de Paris des origines à nos jours},
    publisher = {},
    series = {},
    location = {Toulouse},
    year = 1991,
    pagetotal = {},
    language = {français},
    keywords = {book-crh, crh-1991}
    }

@book{Froeschle4081-1991,
    author = {Froeschle-Chopard, Marie-Hélène},
    title = {Una biblioteca francese alla fine del XVIII secolo (Grasse)},
    publisher = {},
    series = {},
    location = {Florence},
    year = 1991,
    pagetotal = {},
    language = {italien},
    keywords = {book-crh, crh-1991}
    }

@book{Goubert4110-1991,
    author = {Goubert, Jean-Pierre},
    title = {Mizou no Seifokou (La conquête de l'eau)},
    publisher = {},
    series = {},
    location = {Tokyo},
    year = 1991,
    pagetotal = {},
    language = {japonais},
    keywords = {book-crh, crh-1991}
    }

@book{Jouhaud4204-1991,
    author = {Jouhaud, Christian},
    title = {La main de Richelieu ou le pouvoir cardinal},
    publisher = {},
    series = {},
    location = {Paris},
    year = 1991,
    pagetotal = {},
    language = {français},
    keywords = {book-crh, crh-1991}
    }

@book{LeBras4264-1991,
    author = {Le Bras, Hervé},
    title = {Marianne et les lapins : l'obsession démographique},
    publisher = {},
    series = {},
    location = {Paris},
    year = 1991,
    pagetotal = {},
    language = {français},
    keywords = {book-crh, crh-1991}
    }

@book{PoloDeBeaulieu4433-1991,
    author = {Polo De Beaulieu, Marie-Anne},
    title = {La Scala coeli de Jean Gobi},
    publisher = {},
    series = {},
    location = {Paris},
    year = 1991,
    pagetotal = {},
    language = {français},
    keywords = {book-crh, crh-1991}
    }

@book{Prochasson4494-1991,
    author = {Prochasson, Christophe},
    title = {Les années électriques, 1880-1910},
    publisher = {},
    series = {},
    location = {Paris},
    year = 1991,
    pagetotal = {},
    language = {français},
    keywords = {book-crh, crh-1991}
    }

@book{Revel4521-1991,
    author = {Revel, Jacques and A. Farge},
    title = {The Rules of Rebellion. Child Abductions in Paris in 1750},
    publisher = {},
    series = {},
    location = {Oxford},
    year = 1991,
    pagetotal = {},
    language = {anglais},
    keywords = {book-crh, crh-1991}
    }

@book{Schnapper4615-1991,
    author = {Schnapper, Dominique},
    title = {La France de l'intégration, sociologie de la nation en 1990},
    publisher = {},
    series = {},
    location = {Paris},
    year = 1991,
    pagetotal = {},
    language = {français},
    keywords = {book-crh, crh-1991}
    }

@book{Valensi4694-1991,
    author = {Valensi, Lucette and N. Wachtel},
    title = {Jewish Memories},
    publisher = {},
    series = {},
    location = {},
    year = 1991,
    pagetotal = {},
    language = {anglais},
    keywords = {book-crh, crh-1991}
    }

@book{Vincent4715-1991,
    author = {Vincent, Bernard},
    title = {1492 l'année admirable},
    publisher = {},
    series = {},
    location = {Paris},
    year = 1991,
    pagetotal = {},
    language = {français},
    keywords = {book-crh, crh-1991}
    }

@inproceedings{Berthe3708-1991,
    author = {Berthe, Jean-Pierre},
    editor = {},
    title = {Les formes de travail dépendant en Nouvelle-Espagne, XVIe-XVIIIe siècles},
    booktitle = {Atti della tredicesima settimana di studio, 2-7 maggio 1981, Forme ed evoluzione del laboro in Europa : XIII-XVIII secc.},
    publisher = {},
    location = {Prato},
    year = 1991,
    pagetotal = {19},
    language = {français},
    keywords = {inproceedings-crh, crh-1991}
    }

@inproceedings{Bonnain3720-1991,
    author = {Bonnain, Rolande},
    editor = {},
    title = {Prélèvements en milieu rural et urbain dans les Hautes-Pyrénées (1792-1795)},
    booktitle = {Economie, Société, Civilisation, Actes des travaux du 115e congrès national des sociétés savantes, Avignon 1990},
    publisher = {},
    location = {},
    year = 1991,
    pagetotal = {17},
    language = {français},
    keywords = {inproceedings-crh, crh-1991}
    }

@inproceedings{Courtine3900-1991,
    author = {Courtine, Nicole and P. Arabeyre},
    editor = {},
    title = {Le culte de Saint Vorles : genèse et recharges multiséculaires},
    booktitle = {Actes du colloque Saint-Vorles, Châtiions-sur-Seine, 21-22 sept. 1991, 62e congrès des sociétés savantes},
    publisher = {},
    location = {},
    year = 1991,
    pagetotal = {22},
    language = {français},
    keywords = {inproceedings-crh, crh-1991}
    }

@inproceedings{Debert3913-1991,
    author = {Debert, Aline},
    editor = {},
    title = {L'ordre prémontré et la papauté},
    booktitle = {Actes officiels du 16è colloque du Centre d'Etudes et de Recherches Prémontrées},
    publisher = {},
    location = {},
    year = 1991,
    pagetotal = {4},
    language = {français},
    keywords = {inproceedings-crh, crh-1991}
    }

@inproceedings{Depeyrot3949-1991,
    author = {Depeyrot, Georges},
    editor = {},
    title = {The Disappearance of Gold From the Later Roman Empire and the Myth of the Seductive Orient},
    booktitle = {Money, Coins, and Commerce : Essays in the Monetary History of Asia and Europe (from Antiquity to Modern Times), Proceedings of the 4th and the 5th international monetary history conferences Keio university at Tokyo and Dehli school of economics},
    publisher = {},
    location = {Louvain},
    year = 1991,
    pagetotal = {12},
    language = {anglais},
    keywords = {inproceedings-crh, crh-1991}
    }

@inproceedings{Guelle4153-1991,
    author = {Guelle, Françoise},
    editor = {},
    title = {The Japanese Firms in France : A Survey of Direct Investments in the French Manufacturing Industry},
    booktitle = {Proceedings of Economic Development and Multinational Enterprises in the Western Pacific Region},
    publisher = {},
    location = {Tokyo},
    year = 1991,
    pagetotal = {14},
    language = {anglais},
    keywords = {inproceedings-crh, crh-1991}
    }

@inproceedings{Jeannin4193-1991,
    author = {Jeannin, Pierre},
    editor = {},
    title = {De l'arithmétique commerciale à la pratique bancaire : l'escompte aux XVe-XVIIe siècles},
    booktitle = {Convegno di Genova Banchi pubblici, banchi privati e monti di pietà nell'Europa preindustriale, octobre 1990},
    publisher = {},
    location = {Gênes},
    year = 1991,
    pagetotal = {20},
    language = {français},
    keywords = {inproceedings-crh, crh-1991}
    }

@inproceedings{Jouhaud4207-1991,
    author = {Jouhaud, Christian},
    editor = {L. Bergeron and L. Cullen},
    title = {L'énergie du pouvoir : le cas de Richelieu (1631-1642)},
    booktitle = {Actes du colloque de Marseille, 28 septembre-2 octobre 1988, Cultures et pratiques politiques en France et en Irlande, XVI-XVIIe siècles},
    publisher = {},
    location = {Paris},
    year = 1991,
    pagetotal = {17},
    language = {français},
    keywords = {inproceedings-crh, crh-1991}
    }

@inproceedings{Lemay4304-1991,
    author = {Lemay, Edna},
    editor = {},
    title = {Les pauvres font-ils partie du peuple à l'Assemblée constituante, 1789-1791 ?},
    booktitle = {Colloque Démocratie et pauvreté du 4è ordre au quart monde},
    publisher = {},
    location = {Paris},
    year = 1991,
    pagetotal = {8},
    language = {français},
    keywords = {inproceedings-crh, crh-1991}
    }

@inproceedings{Lemay4306-1991,
    author = {Lemay, Edna},
    editor = {},
    title = {L'efficacité du discours des futurs idéologues à l'Assemblée constituante (1789-1791)},
    booktitle = {Colloque Gli 'Idéologues' e la Rivoluzione},
    publisher = {},
    location = {Pise},
    year = 1991,
    pagetotal = {13},
    language = {français},
    keywords = {inproceedings-crh, crh-1991}
    }

@inproceedings{Lemay4307-1991,
    author = {Lemay, Edna},
    editor = {},
    title = {L'encyclopédisme de Jean-Nicolas Démeunier},
    booktitle = {Colloque L'encyclopédisme},
    publisher = {},
    location = {Paris},
    year = 1991,
    pagetotal = {7},
    language = {français},
    keywords = {inproceedings-crh, crh-1991}
    }

@inproceedings{LeMee4315-1991,
    author = {Le Mee, René and J. Dupâquier},
    editor = {},
    title = {La formation des départements : un défi à la démographie},
    booktitle = {Actes du colloque de Compiègne les 27 et 28 octobre 1990},
    publisher = {},
    location = {},
    year = 1991,
    pagetotal = {40},
    language = {français},
    keywords = {inproceedings-crh, crh-1991}
    }

@inproceedings{PoloDeBeaulieu4436-1991,
    author = {Polo De Beaulieu, Marie-Anne},
    editor = {},
    title = {La légende du coeur inscrit dans la littérature religieuse et didactique},
    booktitle = {Actes du colloque du CUERMA ,},
    publisher = {},
    location = {},
    year = 1991,
    pagetotal = {14},
    language = {français},
    keywords = {inproceedings-crh, crh-1991}
    }

@inproceedings{PoloDeBeaulieu4437-1991,
    author = {Polo De Beaulieu, Marie-Anne},
    editor = {Cl. Cazalé-Bérard},
    title = {Etude du vocabulaire de la Scala coeli},
    booktitle = {Actes du colloque Récit et informatique, université de Paris X-Nanterre},
    publisher = {},
    location = {Nanterre},
    year = 1991,
    pagetotal = {35},
    language = {français},
    keywords = {inproceedings-crh, crh-1991}
    }

@inproceedings{Revel4516-1991,
    author = {Revel, Jacques},
    editor = {},
    title = {Lire, écouter, voir la Révolution française , rapport final},
    booktitle = {Colloque L'image de la Révolution française, 1989},
    publisher = {},
    location = {Paris},
    year = 1991,
    pagetotal = {15},
    language = {français},
    keywords = {inproceedings-crh, crh-1991}
    }

@inreference{Favre871-1991,
    author = {Favre-Lejeune, Christine and M.-L. Netter and J.-L. Ormières and Y. Fauchois and J. Félix,},
    editor = {E. Lemay},
    title = {Dictionnaire des Constituants},
    booktitle = {Dictionnaire des Constituants},
    publisher = {Universitas},
    series = {Librairie du bicentenaire de la Révolution française},
    location = {Paris-Oxford},
    year = 1991,
    pagetotal = {},
    language = {français},
    keywords = {dict-crh, crh-1991}
    }

@inreference{Ormieres880-1991,
    author = {Ormieres, Jean-Louis and C. Favre-Lejeune and M.-L. Netter and Y. Fauchois,J. Félix,et A. Patrick},
    editor = {E. Lemay},
    title = {Dictionnaire des constituants},
    booktitle = {Dictionnaire des constituants},
    publisher = {Universitas},
    series = {Librairie du bicentenaire de la Révolution française},
    location = {Paris-Oxford},
    year = 1991,
    pagetotal = {},
    language = {français},
    keywords = {dict-crh, crh-1991}
    }

@inreference{Baschet3657-1991,
    author = {Baschet, Jérome and J. Le Goff},
    editor = {},
    title = {Anima},
    booktitle = {Encyclopedia dell'arte medievale},
    publisher = {},
    series = {},
    location = {},
    year = 1991,
    pagetotal = {12},
    language = {français},
    keywords = {dict-crh, crh-1991}
    }

@inreference{Schmitt4578-1991,
    author = {Schmitt, Jean-Claude},
    editor = {P. Bonte and M. Izard},
    title = {L'anthropologie historique},
    booktitle = {Dictionnaire de l'ethnologie et de l'anthropologie},
    publisher = {},
    series = {},
    location = {},
    year = 1991,
    pagetotal = {2},
    language = {français},
    keywords = {dict-crh, crh-1991}
    }

@proceedings{Benoit3671-1991,
    editor = {Benoit, Serge and D. Cailleaux},
    editortype = {dir.},
    title = {Moines et métallurgie dans la France médiévale},
    booktitle = {Moines et métallurgie dans la France médiévale},
    publisher = {},
    location = {Paris},
    year = 1991,
    pagetotal = {},
    language = {français},
    keywords = {proceedings-crh, crh-1991}
    }

@proceedings{Bergeron3683-1991,
    editor = {Bergeron, Louis and L.Cullen},
    editortype = {dir.},
    title = {Culture et pratiques politiques en France et en Irlande, XVIe-XVIIIe siècles},
    booktitle = {Culture et pratiques politiques en France et en Irlande, XVIe-XVIIIe siècles},
    publisher = {},
    location = {Paris},
    year = 1991,
    pagetotal = {},
    language = {français},
    keywords = {proceedings-crh, crh-1991}
    }

@proceedings{Berlioz3697-1991,
    editor = {Berlioz, Jacques and N. Beriou,et alii},
    editortype = {dir.},
    title = {Prier au Moyen-Age, Pratiques et expériences (Ve-XVe siècles)},
    booktitle = {Prier au Moyen-Age, Pratiques et expériences (Ve-XVe siècles)},
    publisher = {},
    location = {Turnhout},
    year = 1991,
    pagetotal = {},
    language = {français},
    keywords = {proceedings-crh, crh-1991}
    }

@proceedings{Berthe3709-1991,
    editor = {Berthe, Jean-Pierre and A. Breton and S. Lecoin},
    editortype = {dir.},
    title = {Vingt études sur le Mexique et le Guatémala réunies à la mémoire de Nicole Percheron},
    booktitle = {Vingt études sur le Mexique et le Guatémala réunies à la mémoire de Nicole Percheron},
    publisher = {},
    location = {Toulouse},
    year = 1991,
    pagetotal = {},
    language = {français},
    keywords = {proceedings-crh, crh-1991}
    }

@proceedings{Chartier3846-1991,
    editor = {Chartier, Roger},
    editortype = {dir.},
    title = {La correspondance. Les usages de la lettre au XIXe siècle},
    booktitle = {La correspondance. Les usages de la lettre au XIXe siècle},
    publisher = {},
    location = {Paris},
    year = 1991,
    pagetotal = {},
    language = {français},
    keywords = {proceedings-crh, crh-1991}
    }

@proceedings{Chaussinand3895-1991,
    editor = {Chaussinand-Nogaret, Guy},
    editortype = {dir.},
    title = {Histoire des élites en France},
    booktitle = {Histoire des élites en France},
    publisher = {},
    location = {Paris},
    year = 1991,
    pagetotal = {},
    language = {français},
    keywords = {proceedings-crh, crh-1991}
    }

@proceedings{Farge4011-1991,
    editor = {Farge, Arlette and N.-Z. Davis},
    editortype = {dir.},
    title = {Histoire des Femmes, XVIe-XVIIIe siècles},
    booktitle = {Histoire des Femmes, XVIe-XVIIIe siècles},
    publisher = {Plon},
    location = {Paris},
    year = 1991,
    pagetotal = {},
    language = {français},
    keywords = {proceedings-crh, crh-1991}
    }

@proceedings{Klapisch4242-1991,
    editor = {Klapisch-Zuber, Christiane},
    editortype = {dir.},
    title = {Histoire des Femmes en Occident},
    booktitle = {Histoire des Femmes en Occident},
    publisher = {},
    location = {Paris},
    year = 1991,
    pagetotal = {},
    language = {français},
    keywords = {proceedings-crh, crh-1991}
    }

@proceedings{Lemay4305-1991,
    editor = {Lemay, Edna and C. Favre-Lejeune and  M.-L. Netter and J.-L. Ormières and Y. Fauchois,J. Félix,et A. Patrick},
    editortype = {dir.},
    title = {Dictionnaire des constituants, 1789-1791},
    booktitle = {Dictionnaire des constituants, 1789-1791},
    publisher = {Universitas},
    location = {Paris-Oxford},
    year = 1991,
    pagetotal = {},
    language = {français},
    keywords = {proceedings-crh, crh-1991}
    }

@proceedings{Mane4353-1991,
    editor = {Mane, Perrine and F. Piponnier and J. Cuisenier and M.-C. Grohens and S. Legrand and A. Margerie and and M. Poulenc},
    editortype = {dir.},
    title = {Mille ans de costume français},
    booktitle = {Mille ans de costume français},
    publisher = {},
    location = {Thionville},
    year = 1991,
    pagetotal = {},
    language = {français},
    keywords = {proceedings-crh, crh-1991}
    }

@proceedings{Ozouf4387-1991,
    editor = {Ozouf, Mona and F. Furet},
    editortype = {dir.},
    title = {La Gironde et les Girondins},
    booktitle = {La Gironde et les Girondins},
    publisher = {Payot},
    location = {Paris},
    year = 1991,
    pagetotal = {468},
    language = {français},
    keywords = {proceedings-crh, crh-1991}
    }

@proceedings{PoloDeBeaulieu4435-1991,
    editor = {Polo De Beaulieu, Marie-Anne and N. Bériou},
    editortype = {dir.},
    title = {Prier au Moyen-Age. Pratiques et expériences de la prière (Ve-XVe siècles)},
    booktitle = {Prier au Moyen-Age. Pratiques et expériences de la prière (Ve-XVe siècles)},
    publisher = {},
    location = {Belgique},
    year = 1991,
    pagetotal = {},
    language = {français},
    keywords = {proceedings-crh, crh-1991}
    }

@proceedings{Rucquoi4541-1991,
    editor = {Rucquoi, Adeline},
    editortype = {dir.},
    title = {Genèse médiévale de l'Espagne Moderne. Du refus à la révolte : les résistances},
    booktitle = {Genèse médiévale de l'Espagne Moderne. Du refus à la révolte : les résistances},
    publisher = {},
    location = {Nice},
    year = 1991,
    pagetotal = {},
    language = {français},
    keywords = {proceedings-crh, crh-1991}
    }

@collection{Mouradian4372-1991,
    author = {Mouradian, Claire},
    editor = {W. Berelowitch and L. Gervereau},
    title = {La caricature dans la presse arménienne du Caucase, d'un empire à l'autre},
    booktitle = {L'image politique, Russie-URSS, 1914-1991. Catalogue de l'exposition du Musée d'Histoire contemporaine (Paris, oct.-déc. 1991)},
    publisher = {},
    location = {Paris},
    year = 1991,
    pagetotal = {8},
    language = {français},
    keywords = {expo-crh, crh-1991}
    }

@incollection{Demelas3924-1991,
    author = {Demelas-Bohy, Marie-Daniele},
    editor = {},
    title = {Les croyances du tambour-major. Le journal d'un guérillero, 1814-1825},
    booktitle = {Andes et méso-Amérique, Cultures et sociétés},
    publisher = {},
    location = {},
    year = 1991,
    pagetotal = {24},
    language = {français},
    keywords = {melanges-crh, crh-1991}
    }

@incollection{Depeyrot3936-1991,
    author = {Depeyrot, Georges},
    editor = {},
    title = {Les P. Oxy. LI 3628/36 : prix et papyri au Bas-Empire, méthodes et approches},
    booktitle = {Glaux, 7/3, Ermanno A.Arslan studia dicata},
    publisher = {},
    location = {Milan},
    year = 1991,
    pagetotal = {6},
    language = {français},
    keywords = {melanges-crh, crh-1991}
    }

@incollection{Fauve4021-1991,
    author = {Fauve-Chamoux, Antoinette},
    editor = {},
    title = {Société rurale prérévolutionnaire et démographie différentielle},
    booktitle = {Historiens et populations. Liber Amicorum Etienne Hélin},
    publisher = {},
    location = {Louvain-la-Neuve},
    year = 1991,
    pagetotal = {18},
    language = {français},
    keywords = {melanges-crh, crh-1991}
    }

@incollection{Hartog4182-1991,
    author = {Hartog, François},
    editor = {},
    title = {Ecritures, généalogies, archives, histoire en Grèce ancienne},
    booktitle = {Mélanges Pierre Lévêque},
    publisher = {},
    location = {},
    year = 1991,
    pagetotal = {12},
    language = {français},
    keywords = {melanges-crh, crh-1991}
    }

@incollection{Klapisch4248-1991,
    author = {Klapisch-Zuber, Christiane},
    editor = {C. Bourlet},
    title = {Comptes et mémoire : l'écriture des livres de famille florentins},
    booktitle = {L'écrit dans la société médiévale},
    publisher = {},
    location = {},
    year = 1991,
    pagetotal = {8},
    language = {français},
    keywords = {melanges-crh, crh-1991}
    }

@incollection{Dauphin865-1991,
    author = {Dauphin-Memeteau, Cécile},
    editor = {G. Duby and M. Perrot},
    title = {Les femmes seules},
    booktitle = {Histoire des femmes},
    publisher = {Plon},
    location = {Paris},
    year = 1991,
    pagetotal = {},
    language = {français},
    keywords = {collectif-crh, crh-1991}
    }

@incollection{Dauphin866-1991,
    author = {Dauphin-Memeteau, Cécile},
    editor = {R. Chartier},
    title = {Les manuels épistolaires au XIXe siècle},
    booktitle = {La correspondance. Les usages de la lettre au XIXe siècle},
    publisher = {Fayard},
    location = {Paris},
    year = 1991,
    pagetotal = {64},
    language = {français},
    keywords = {collectif-crh, crh-1991}
    }

@incollection{Demonet867-1991,
    author = {Demonet, Michel and C. Dauphin and P. Lebrun-Pezerat and D. Poublan},
    editor = {R. Chartier},
    title = {L'enquête postale de 1847},
    booktitle = {La correspondance, les usages de la lettre au XIXe siècle},
    publisher = {Fayard},
    location = {Paris},
    year = 1991,
    pagetotal = {},
    language = {français},
    keywords = {collectif-crh, crh-1991}
    }

@incollection{Sinarellis887-1991,
    author = {Sinarellis, Maroula},
    editor = {G. Dertilis and K. Kostis},
    title = {Questions d'histoire néohellénique, XVIIIe-XXe siècles (en grec)},
    booktitle = {?},
    publisher = {Comotini},
    location = {Athènes},
    year = 1991,
    pagetotal = {28},
    language = {grec},
    keywords = {collectif-crh, crh-1991}
    }

@incollection{Alleaume3630-1991,
    author = {Alleaume, Ghislaine},
    editor = {?},
    title = {La naissance de la géographie positive et les Khitat de Alî pacha Mubârak},
    booktitle = {D'un Orient l'autre},
    publisher = {},
    location = {Paris},
    year = 1991,
    pagetotal = {14},
    language = {français},
    keywords = {collectif-crh, crh-1991}
    }

@incollection{Andreau3643-1991,
    author = {Andreau, Jean},
    editor = {A. Schiavone},
    title = {Mercati e mercato},
    booktitle = {Storia di Roma},
    publisher = {},
    location = {Turin},
    year = 1991,
    pagetotal = {19},
    language = {italien},
    keywords = {collectif-crh, crh-1991}
    }

@incollection{Andreau3645-1991,
    author = {Andreau, Jean},
    editor = {S. Settis},
    title = {Commercio, finanze e mobilta sociale},
    booktitle = {Civilta dei Romani},
    publisher = {},
    location = {Milan},
    year = 1991,
    pagetotal = {9},
    language = {italien},
    keywords = {collectif-crh, crh-1991}
    }

@incollection{Andreau3646-1991,
    author = {Andreau, Jean},
    editor = {S. Settis},
    title = {I grandi patrimoni e il potere economico},
    booktitle = {Civilta dei Romani},
    publisher = {},
    location = {Milan},
    year = 1991,
    pagetotal = {9},
    language = {italien},
    keywords = {collectif-crh, crh-1991}
    }

@incollection{Benoit3670-1991,
    author = {Benoit, Serge},
    editor = {F. Caron and F. Cardot},
    title = {Système technique et usages de l'électricité},
    booktitle = {Histoire générale de l'électricité en France},
    publisher = {},
    location = {Paris},
    year = 1991,
    pagetotal = {82},
    language = {français},
    keywords = {collectif-crh, crh-1991}
    }

@incollection{Benoit3672-1991,
    author = {Benoit, Serge},
    editor = {P.Benoit and D.Cailleaux},
    title = {Les Hospitaliers et les débuts de la sidérurgie indirecte dans le Grand Prieuré de Champagne au XVIe siècle},
    booktitle = {Moines et métallurgie dans la France médiévale},
    publisher = {},
    location = {Paris},
    year = 1991,
    pagetotal = {55},
    language = {français},
    keywords = {collectif-crh, crh-1991}
    }

@incollection{Bergeron3684-1991,
    author = {Bergeron, Louis},
    editor = {C. Lucas},
    title = {The Revolution : Catastrophe or New Dawn for the French Economy ?},
    booktitle = {Rewriting the French Revolution},
    publisher = {},
    location = {Oxford},
    year = 1991,
    pagetotal = {11},
    language = {anglais},
    keywords = {collectif-crh, crh-1991}
    }

@incollection{Bergeron3685-1991,
    author = {Bergeron, Louis},
    editor = {?},
    title = {Problèmes du patrimoine industriel dans les aires caraïbes et latino-américaine},
    booktitle = {Canne à sucre et littérature dans la Caraïbe et l'Océan indien},
    publisher = {},
    location = {Fort-de-France},
    year = 1991,
    pagetotal = {16},
    language = {français},
    keywords = {collectif-crh, crh-1991}
    }

@incollection{Berlioz3696-1991,
    author = {Berlioz, Jacques},
    editor = {J. Le Goff},
    title = {Il Mistero del corvo d'argento. Un'avventura ideata e scritta da Salvatore Baffo},
    booktitle = {Ambientazione storica},
    publisher = {Giunti},
    location = {Florence},
    year = 1991,
    pagetotal = {},
    language = {italien},
    keywords = {collectif-crh, crh-1991}
    }

@incollection{Bourdelais3728-1991,
    author = {Bourdelais, Patrice},
    editor = {R. Schofield and D. Reher and A. Bideau},
    title = {Cholera : A. Victory for Medicine ?},
    booktitle = {The Decline of Mortality in Europe},
    publisher = {},
    location = {Oxford},
    year = 1991,
    pagetotal = {12},
    language = {anglais},
    keywords = {collectif-crh, crh-1991}
    }

@incollection{Bourdelais3729-1991,
    author = {Bourdelais, Patrice},
    editor = {?},
    title = {Choléra des villes et choléra des champs. Faits et représentations},
    booktitle = {Historiens et populations},
    publisher = {},
    location = {Louvain},
    year = 1991,
    pagetotal = {12},
    language = {français},
    keywords = {collectif-crh, crh-1991}
    }

@incollection{Boureau3748-1991,
    author = {Boureau, Alain},
    editor = {R. Chartier},
    title = {La norme épistolaire, une invention médiévale},
    booktitle = {La correspondance. Les usages de la lettre au XIXe siècle},
    publisher = {Fayard},
    location = {Paris},
    year = 1991,
    pagetotal = {31},
    language = {français},
    keywords = {collectif-crh, crh-1991}
    }

@incollection{Cerutti3823-1991,
    author = {Cerutti, Simona},
    editor = {S. Woolf},
    title = {Group Strategies and Trade Strategies : the Turin Tailor's Guild in the Llate Seventeenth and Early Eighteenth Centuries},
    booktitle = {Domestic Strategies : Work and Family in France and Italy, 1600-1800},
    publisher = {},
    location = {},
    year = 1991,
    pagetotal = {},
    language = {anglais},
    keywords = {collectif-crh, crh-1991}
    }

@incollection{Cerutti3826-1991,
    author = {Cerutti, Simona},
    editor = {G. Borrelli},
    title = {Mestieri e interessi : le corporazioni a Torino in età moderna},
    booktitle = {Le corporazioni nella realtà economica e sociale dell'Italia nei secoli delle'età moderna},
    publisher = {},
    location = {},
    year = 1991,
    pagetotal = {25},
    language = {italien},
    keywords = {collectif-crh, crh-1991}
    }

@incollection{Chartier3847-1991,
    author = {Chartier, Roger},
    editor = {R.Chartier},
    title = {Des secrétaires pour le peuple ? Les modèles épistolaires de l'Ancien Régime entre littérature de cour et livre de colportage},
    booktitle = {La correspondance. Usages de la lettre au XIXe siècle},
    publisher = {Fayard},
    location = {Paris},
    year = 1991,
    pagetotal = {49},
    language = {français},
    keywords = {collectif-crh, crh-1991}
    }

@incollection{Chartier3851-1991,
    author = {Chartier, Roger},
    editor = {J.-W. Yolton and R. Porter and P. Rogers and B.-M. Stafford},
    title = {Libraries},
    booktitle = {The blackwell Companion to the Enlightenment},
    publisher = {},
    location = {},
    year = 1991,
    pagetotal = {2},
    language = {anglais},
    keywords = {collectif-crh, crh-1991}
    }

@incollection{Chartier3852-1991,
    author = {Chartier, Roger},
    editor = {C. Delage},
    title = {Le sens des formes},
    booktitle = {Ecrits, images et sons dans la Bibliothèque de France},
    publisher = {},
    location = {},
    year = 1991,
    pagetotal = {6},
    language = {français},
    keywords = {collectif-crh, crh-1991}
    }

@incollection{Chaussinand3896-1991,
    author = {Chaussinand-Nogaret, Guy},
    editor = {?},
    title = {Sade a-t-il existé ?},
    booktitle = {Amour et Sexualité en Occident},
    publisher = {},
    location = {Paris},
    year = 1991,
    pagetotal = {9},
    language = {français},
    keywords = {collectif-crh, crh-1991}
    }

@incollection{Courtine3899-1991,
    author = {Courtine, Nicole},
    editor = {P. Arabeyre and N. Courtine and Alii},
    title = {Saint Vorles. Au pays de Châtillon-sur-seine},
    booktitle = {Saint Vorles. Au pays de Châtillon-sur-seine},
    publisher = {},
    location = {Dijon},
    year = 1991,
    pagetotal = {13},
    language = {français},
    keywords = {collectif-crh, crh-1991}
    }

@incollection{Depeyrot3942-1991,
    author = {Depeyrot, Georges},
    editor = {?},
    title = {Le Bas-Empire (284-491)},
    booktitle = {Survey of numismatic research, 1985-1990},
    publisher = {},
    location = {Bruxelles},
    year = 1991,
    pagetotal = {17},
    language = {français},
    keywords = {collectif-crh, crh-1991}
    }

@incollection{Depeyrot3943-1991,
    author = {Depeyrot, Georges and M. Amandry},
    editor = {?},
    title = {Liste des sites archéologiques dont les monnaies romaines ont été signalées},
    booktitle = {Survey of numismatic research, 1985-1990},
    publisher = {},
    location = {Bruxelles},
    year = 1991,
    pagetotal = {7},
    language = {français},
    keywords = {collectif-crh, crh-1991}
    }

@incollection{Desaive3962-1991,
    author = {Desaive, Jean-Paul},
    editor = {G. Duby and M. Perrot},
    title = {Les ambiguïtés du discours littéraire},
    booktitle = {Histoire des femmes en Occident},
    publisher = {Plon},
    location = {Paris},
    year = 1991,
    pagetotal = {29},
    language = {français},
    keywords = {collectif-crh, crh-1991}
    }

@incollection{Desrosiers3972-1991,
    author = {Desrosiers, Sophie},
    editor = {H. Balfet},
    title = {Sur le concept de chaîne opératoire},
    booktitle = {Observer l'action technique},
    publisher = {},
    location = {},
    year = 1991,
    pagetotal = {5},
    language = {français},
    keywords = {collectif-crh, crh-1991}
    }

@incollection{Desrosiers3973-1991,
    author = {Desrosiers, Sophie},
    editor = {P. Van Ossel},
    title = {Les textiles trouvés dans les fouilles des jardins du Carrousel. 1. Les textiles de soie},
    booktitle = {Les jardins du Carousel à Paris. Fouilles 1989-1990. III Les rapports des spécialites},
    publisher = {},
    location = {},
    year = 1991,
    pagetotal = {19},
    language = {français},
    keywords = {collectif-crh, crh-1991}
    }

@incollection{Dewerpe3979-1991,
    author = {Dewerpe, Alain},
    editor = {A. Dewerpe.},
    title = {Les ouvriers européens de la navale},
    booktitle = {Le Mouvement Social},
    publisher = {},
    location = {},
    year = 1991,
    pagetotal = {},
    language = {français},
    keywords = {collectif-crh, crh-1991}
    }

@incollection{Dewerpe3981-1991,
    author = {Dewerpe, Alain},
    editor = {?},
    title = {Verso l'Italia industriale},
    booktitle = {Storia dell'economia italiana. L'età contemporanea. Un paese nuovo},
    publisher = {},
    location = {Turin},
    year = 1991,
    pagetotal = {54},
    language = {italien},
    keywords = {collectif-crh, crh-1991}
    }

@incollection{Ducreux3992-1991,
    author = {Ducreux, Marie-Elisabeth},
    editor = {H.-E. Bodeker and G. Chaix and P. Veit},
    title = {Le livre et l'hérésie, modes de lecture et politique du livre en Bohême au XVIIIe siècle},
    booktitle = {Le livre religieux et ses pratiques. Etudes sur l'histoire du livre religieux en Allemagne et en France à l'époque moderne. Der Umgang mit dem religiosen Buch. Studien zur Geschichte des religiösen Buches in Deutschland une Frankreich in der frühen Neuzei},
    publisher = {},
    location = {},
    year = 1991,
    pagetotal = {25},
    language = {français},
    keywords = {collectif-crh, crh-1991}
    }

@incollection{Elboudrari3995-1991,
    author = {Elboudrari, Hassan},
    editor = {J.-Cl Vatin},
    title = {L'exotisme à l'envers. Les premiers voyageurs marocains en Occident Espagne, (17-18e siècles) et leur expérience de l'altérité},
    booktitle = {D'un Orient l'autre. Les métamorphoses successives des perceptions et des connaissances},
    publisher = {},
    location = {},
    year = 1991,
    pagetotal = {27},
    language = {français},
    keywords = {collectif-crh, crh-1991}
    }

@incollection{Emptoz4006-1991,
    author = {Emptoz, Gérard},
    editor = {D. Beveze-Berthet and G. Emptoz},
    title = {Quelles formations pour quels métiers dans les musées et centres de culture scientifique et technique ?},
    booktitle = {La lettre de l'OCIM},
    publisher = {},
    location = {},
    year = 1991,
    pagetotal = {},
    language = {français},
    keywords = {collectif-crh, crh-1991}
    }

@incollection{Godet4090-1991,
    author = {Godet, Martine},
    editor = {W. Berelowitch and L. Gervereau},
    title = {La censure cinématographique sous Brejnev},
    booktitle = {Russie-URSS, 1914-1991. Changements de regards},
    publisher = {},
    location = {},
    year = 1991,
    pagetotal = {3},
    language = {français},
    keywords = {collectif-crh, crh-1991}
    }

@incollection{Goubert4109-1991,
    author = {Goubert, Jean-Pierre},
    editor = {A. Lafay},
    title = {Position et statut des malades en France à la veille de la Révolution de 1789},
    booktitle = {Le statut du malade XVIe-XXe siècles},
    publisher = {},
    location = {},
    year = 1991,
    pagetotal = {14},
    language = {français},
    keywords = {collectif-crh, crh-1991}
    }

@incollection{Green4129-1991,
    author = {Green, Nancy},
    editor = {G. Fraisse and M. Perrot},
    title = {La femme juive : formation et transformations},
    booktitle = {Histoire des femmes},
    publisher = {Plon},
    location = {Paris},
    year = 1991,
    pagetotal = {15},
    language = {français},
    keywords = {collectif-crh, crh-1991}
    }

@incollection{Grinberg4145-1991,
    author = {Grinberg, Martine},
    editor = {D. Haase Dubosc and E. Viennot},
    title = {L'obsédante absence des femmes : réponses rituelles et juridiques},
    booktitle = {Femmes et pouvoirs sous l'Ancien Régime},
    publisher = {},
    location = {},
    year = 1991,
    pagetotal = {11},
    language = {français},
    keywords = {collectif-crh, crh-1991}
    }

@incollection{Guelle4151-1991,
    author = {Guelle, Françoise and E. de Banville and J.-J. Gilly},
    editor = {J.-P. Chanaron},
    title = {Les groupes japonnais à la conquête de l'Europe ?},
    booktitle = {L'Europe industrielle horizon 93},
    publisher = {},
    location = {},
    year = 1991,
    pagetotal = {22},
    language = {français},
    keywords = {collectif-crh, crh-1991}
    }

@incollection{Hartog4181-1991,
    author = {Hartog, François},
    editor = {S.Saïd},
    title = {Rome et la Grèce : le choix de Denys d'Halicarnasse},
    booktitle = {Hellenismos quelques jalons pour une histoire de l'identité grecque},
    publisher = {},
    location = {},
    year = 1991,
    pagetotal = {19},
    language = {français},
    keywords = {collectif-crh, crh-1991}
    }

@incollection{Hartog4183-1991,
    author = {Hartog, François},
    editor = {?},
    title = {Les Grecs égyptologues},
    booktitle = {D'un Orient l'Autre},
    publisher = {},
    location = {Paris},
    year = 1991,
    pagetotal = {17},
    language = {français},
    keywords = {collectif-crh, crh-1991}
    }

@incollection{Jouhaud4206-1991,
    author = {Jouhaud, Christian},
    editor = {A. Boureau and D. Milo},
    title = {De l'histoire à l'historien : métaphore incertaine métaphore implicite},
    booktitle = {Alter Histoire. Essais d'histoire expérimentale},
    publisher = {},
    location = {},
    year = 1991,
    pagetotal = {10},
    language = {français},
    keywords = {collectif-crh, crh-1991}
    }

@incollection{Julia4219-1991,
    author = {Julia, Dominique},
    editor = {Ph. Joutard},
    title = {L'Histoire de la France religieuse. Du Roi très chrétien à la laïcité républicaine},
    booktitle = {L'Histoire de la France religieuse. Du Roi très chrétien à la laïcité républicaine},
    publisher = {},
    location = {Paris},
    year = 1991,
    pagetotal = {120},
    language = {français},
    keywords = {collectif-crh, crh-1991}
    }

@incollection{Julliard4234-1991,
    author = {Julliard, Jacques},
    editor = {J. Bidet and J. Texier},
    title = {Le Marxisme à la lumière de son discrédit},
    booktitle = {Fin du communisme ? Actualité du marxisme},
    publisher = {},
    location = {},
    year = 1991,
    pagetotal = {6},
    language = {français},
    keywords = {collectif-crh, crh-1991}
    }

@incollection{Klapisch4245-1991,
    author = {Klapisch-Zuber, Christiane},
    editor = {A. Molho and K. Raaflaub and J. Emlen},
    title = {Citizenship and the Political Classes. Commentary},
    booktitle = {City-States in Classical Antiquity- and Medieval Italy},
    publisher = {},
    location = {},
    year = 1991,
    pagetotal = {7},
    language = {anglais},
    keywords = {collectif-crh, crh-1991}
    }

@incollection{Klapisch4246-1991,
    author = {Klapisch-Zuber, Christiane},
    editor = {D. -I. Kertzer and R.-P. Saller},
    title = {Kinship and Politics in Fourteenth-Century Florence},
    booktitle = {The Family in Italy from Antiquity to the Présent},
    publisher = {},
    location = {},
    year = 1991,
    pagetotal = {21},
    language = {anglais},
    keywords = {collectif-crh, crh-1991}
    }

@incollection{LeBras4265-1991,
    author = {Le Bras, Hervé},
    editor = {A. Boureau and D. Milo},
    title = {La métaphore interdite : Karl Marx et André Siegfried entre l'histoire et la géologie},
    booktitle = {Alter Histoire},
    publisher = {},
    location = {},
    year = 1991,
    pagetotal = {23},
    language = {français},
    keywords = {collectif-crh, crh-1991}
    }

@incollection{LeBras4267-1991,
    author = {Le Bras, Hervé},
    editor = {?},
    title = {L'impact démographique des migrations d'après-guerre dans quelques pays de l'OCDE},
    booktitle = {Les migrations, aspects démographiques},
    publisher = {OCDE},
    location = {},
    year = 1991,
    pagetotal = {22},
    language = {français},
    keywords = {collectif-crh, crh-1991}
    }

@incollection{LeBras4269-1991,
    author = {Le Bras, Hervé},
    editor = {F. De Singly},
    title = {La famille en démographie historique},
    booktitle = {L'état de la famille},
    publisher = {},
    location = {},
    year = 1991,
    pagetotal = {13},
    language = {français},
    keywords = {collectif-crh, crh-1991}
    }

@incollection{Pezerat4284-1991,
    author = {Pezerat-Lebrun, Pierrette and C. Dauphin and D. Poublan},
    editor = {R. Chartier},
    title = {L'enquête postale de 1847},
    booktitle = {La correspondance. Les usages de la lettre au XIXe siècle},
    publisher = {Fayard},
    location = {Paris},
    year = 1991,
    pagetotal = {99},
    language = {français},
    keywords = {collectif-crh, crh-1991}
    }

@incollection{LeGoff4295-1991,
    author = {Le Goff, Jacques},
    editor = {?},
    title = {La civilisation occidentale},
    booktitle = {Histoire des mœurs},
    publisher = {},
    location = {Paris},
    year = 1991,
    pagetotal = {89},
    language = {français},
    keywords = {collectif-crh, crh-1991}
    }

@incollection{Martin4361-1991,
    author = {Martin-Fugier, Anne},
    editor = {R. Chartier},
    title = {Les lettres célibataires},
    booktitle = {La correspondance, les usages de la lettre au XIXe siècle},
    publisher = {Fayard},
    location = {Paris},
    year = 1991,
    pagetotal = {20},
    language = {français},
    keywords = {collectif-crh, crh-1991}
    }

@incollection{Martin4362-1991,
    author = {Martin-Fugier, Anne},
    editor = {P. Lejeune and A. Martin-Fugier.},
    title = {Collectif Archives des vies privées},
    booktitle = {Archives autobiographiques, Cahiers de sémiotique textuelle},
    publisher = {},
    location = {},
    year = 1991,
    pagetotal = {},
    language = {français},
    keywords = {collectif-crh, crh-1991}
    }

@incollection{Netter4377-1991,
    author = {Netter, Marie-Laurence},
    editor = {?},
    title = {L'image cachée de Robespierre à travers le théâtre pré-thermidorien},
    booktitle = {Robespierre saisi par le théâtre},
    publisher = {},
    location = {Arras},
    year = 1991,
    pagetotal = {7},
    language = {français},
    keywords = {collectif-crh, crh-1991}
    }

@incollection{Ormieres4382-1991,
    author = {Ormieres, Jean-Louis},
    editor = {F. Furet and M. Ozouf},
    title = {La Gironde et la Vendée},
    booktitle = {La Gironde et les Girondins},
    publisher = {Payot},
    location = {Paris},
    year = 1991,
    pagetotal = {14},
    language = {français},
    keywords = {collectif-crh, crh-1991}
    }

@incollection{Pesez4406-1991,
    author = {Pesez, Jean-Marie},
    editor = {J. Guillaine},
    title = {Outils et techniques agricoles du monde médiéval},
    booktitle = {Pour une archéologie agraire},
    publisher = {},
    location = {},
    year = 1991,
    pagetotal = {34},
    language = {français},
    keywords = {collectif-crh, crh-1991}
    }

@incollection{Pesez4407-1991,
    author = {Pesez, Jean-Marie},
    editor = {J.-L. Biget},
    title = {Le bois dans les constructions de la ville médiévale : les questions},
    booktitle = {Le bois et la ville du Moyen-Age au XXe siècle},
    publisher = {},
    location = {},
    year = 1991,
    pagetotal = {8},
    language = {français},
    keywords = {collectif-crh, crh-1991}
    }

@incollection{Pesez4408-1991,
    author = {Pesez, Jean-Marie and J.-M. Poisson},
    editor = {?},
    title = {Céramique locale et céramique d'importation sur les sites siciliens, XIe-XIVe siècles},
    booktitle = {A cerâmica medieval no Mediterrâneo occidental},
    publisher = {},
    location = {Lisbonne},
    year = 1991,
    pagetotal = {8},
    language = {français},
    keywords = {collectif-crh, crh-1991}
    }

@incollection{Pomian4467-1991,
    author = {Pomian, Krzysztof},
    editor = {M.-J. Choffel-Mailfert and J. Romano},
    title = {Musée et patrimoine},
    booktitle = {Vers une transition culturelle},
    publisher = {},
    location = {},
    year = 1991,
    pagetotal = {24},
    language = {français},
    keywords = {collectif-crh, crh-1991}
    }

@incollection{Poublan4489-1991,
    author = {Poublan, Danièle and C. Dauphin-Memeteau and P. Lebrun-Pézerat},
    editor = {R. Chartier},
    title = {L'enquête postale de 1847},
    booktitle = {La correspondance. Les usages de la lettre au XIXe siècle},
    publisher = {Fayard},
    location = {Paris},
    year = 1991,
    pagetotal = {99},
    language = {français},
    keywords = {collectif-crh, crh-1991}
    }

@incollection{Revel4518-1991,
    author = {Revel, Jacques},
    editor = {L. Giard and H. Martin},
    title = {Michel de Certeau historien : l'institution et son contraire},
    booktitle = {Histoire, mystique et politique. Michel de Certeau},
    publisher = {},
    location = {},
    year = 1991,
    pagetotal = {19},
    language = {français},
    keywords = {collectif-crh, crh-1991}
    }

@incollection{Revel4520-1991,
    author = {Revel, Jacques},
    editor = {B. Fort},
    title = {Marie-Antoinette in Her Fictions : The Staging of Hatred},
    booktitle = {Fictions of the French Revolution},
    publisher = {},
    location = {},
    year = 1991,
    pagetotal = {19},
    language = {anglais},
    keywords = {collectif-crh, crh-1991}
    }

@incollection{Revel4522-1991,
    author = {Revel, Jacques},
    editor = {F. Bethencourt and D. Ramada Curto},
    title = {La production du territoire : les voyages du souverain},
    booktitle = {A Memoria de Naçao},
    publisher = {},
    location = {},
    year = 1991,
    pagetotal = {16},
    language = {français},
    keywords = {collectif-crh, crh-1991}
    }

@incollection{Scherrer4564-1991,
    author = {Scherrer, Jutta},
    editor = {B. Löhr},
    title = {Die Agonie des Roten Oktober},
    booktitle = {Die Sowjetunion im Umbruch},
    publisher = {},
    location = {Bonn},
    year = 1991,
    pagetotal = {8},
    language = {allemand},
    keywords = {collectif-crh, crh-1991}
    }

@incollection{Scherrer4565-1991,
    author = {Scherrer, Jutta},
    editor = {A. Graziosi and J. Scherrer.},
    title = {Spécialistes bureaucratie et administration dans l'Empire russe et en URSS, 1880-1945},
    booktitle = {Cahiers du monde russe et soviétique},
    publisher = {},
    location = {},
    year = 1991,
    pagetotal = {},
    language = {français},
    keywords = {collectif-crh, crh-1991}
    }

@incollection{Schmitt4579-1991,
    author = {Schmitt, Jean-Claude},
    editor = {A. Lüdtke},
    title = {Macht der Toten, Macht der Menschen. Geistererscheinungen im hohen Mittelalter},
    booktitle = {Herrschaft als soziale Praxis},
    publisher = {},
    location = {},
    year = 1991,
    pagetotal = {25},
    language = {allemand},
    keywords = {collectif-crh, crh-1991}
    }

@incollection{Schmitt4581-1991,
    author = {Schmitt, Jean-Claude},
    editor = {J. Bremmer and H. Roodenburg},
    title = {The Rationale of Gestures in the West : Third to Thirteenth Centuries},
    booktitle = {A Cultural History of Gesture. From Antiquity to the Present Day},
    publisher = {},
    location = {},
    year = 1991,
    pagetotal = {12},
    language = {anglais},
    keywords = {collectif-crh, crh-1991}
    }

@incollection{Schmitt4582-1991,
    author = {Schmitt, Jean-Claude},
    editor = {D. Romagnli},
    title = {La logica dei gesti in Occidente dal III al XII secolo},
    booktitle = {La città e la corte. Buone e cattive maniere tra Medioevo ed Età Moderna},
    publisher = {},
    location = {},
    year = 1991,
    pagetotal = {12},
    language = {italien},
    keywords = {collectif-crh, crh-1991}
    }

@incollection{Schnapper4613-1991,
    author = {Schnapper, Dominique},
    editor = {J. Baubérot},
    title = {Le Judaïsme, une minorité religieuse ?},
    booktitle = {Pluralisme et minorités religieuses},
    publisher = {},
    location = {},
    year = 1991,
    pagetotal = {7},
    language = {français},
    keywords = {collectif-crh, crh-1991}
    }

@incollection{Schnapper4616-1991,
    author = {Schnapper, Dominique},
    editor = {?},
    title = {De Gaulle vu par les juifs},
    booktitle = {De Gaulle en son siècle, I, Dans la mémoire des hommes et des peuples},
    publisher = {},
    location = {Paris},
    year = 1991,
    pagetotal = {13},
    language = {français},
    keywords = {collectif-crh, crh-1991}
    }

@incollection{Sigaut4638-1991,
    author = {Sigaut, François},
    editor = {J. Perrin},
    title = {Les points de vue constitutifs d'une science des techniques : essai de tableau comparatif},
    booktitle = {Construire une science des techniques},
    publisher = {},
    location = {},
    year = 1991,
    pagetotal = {15},
    language = {français},
    keywords = {collectif-crh, crh-1991}
    }

@incollection{Sigaut4641-1991,
    author = {Sigaut, François},
    editor = {?},
    title = {Un couteau ne sert pas à couper mais en coupant. Structure, fonctionnement et fonction dans l'analyse des objets},
    booktitle = {25 ans d'études technologiques en préhistoire, Bilan et perspectives},
    publisher = {},
    location = {Juan-les-Pins},
    year = 1991,
    pagetotal = {14},
    language = {français},
    keywords = {collectif-crh, crh-1991}
    }

@incollection{Sigaut4642-1991,
    author = {Sigaut, François},
    editor = {D. Chevallier},
    title = {L'apprentissage vu par les ethnologues : un stéréotype ?},
    booktitle = {Savoir faire et pouvoir transmettre},
    publisher = {},
    location = {},
    year = 1991,
    pagetotal = {9},
    language = {français},
    keywords = {collectif-crh, crh-1991}
    }

@incollection{Sigaut4643-1991,
    author = {Sigaut, François},
    editor = {M.-C. Cauvin},
    title = {Les techniques de récolte des grains : identification, localisation, problèmes d'interprétation},
    booktitle = {Rites et rythmes agraires},
    publisher = {},
    location = {},
    year = 1991,
    pagetotal = {13},
    language = {français},
    keywords = {collectif-crh, crh-1991}
    }

@incollection{Tenenti4667-1991,
    author = {Tenenti, Alberto},
    editor = {?},
    title = {Fernand Braudel},
    booktitle = {Novecento filosofico e scientifico},
    publisher = {},
    location = {Milan},
    year = 1991,
    pagetotal = {21},
    language = {italien},
    keywords = {collectif-crh, crh-1991}
    }

@incollection{Tenenti4669-1991,
    author = {Tenenti, Alberto},
    editor = {?},
    title = {The Merchant and the Banker},
    booktitle = {Renaissance Characters},
    publisher = {},
    location = {},
    year = 1991,
    pagetotal = {26},
    language = {anglais},
    keywords = {collectif-crh, crh-1991}
    }

@incollection{Tenenti4670-1991,
    author = {Tenenti, Alberto},
    editor = {?},
    title = {Il senso del mare},
    booktitle = {Storia di Venezia, t.XII: Il mare},
    publisher = {},
    location = {Rome},
    year = 1991,
    pagetotal = {70},
    language = {italien},
    keywords = {collectif-crh, crh-1991}
    }

@incollection{Tenenti4672-1991,
    author = {Tenenti, Alberto},
    editor = {?},
    title = {Coscienza cittadina e coscienza statale e Firenze fra Trecento e Quattrocento},
    booktitle = {Czas-przestrzen-praca w dawnych miastach},
    publisher = {},
    location = {Varsovie},
    year = 1991,
    pagetotal = {15},
    language = {italien},
    keywords = {collectif-crh, crh-1991}
    }

@incollection{Tenenti4673-1991,
    author = {Tenenti, Alberto},
    editor = {?},
    title = {Alle origini dell'utopia},
    booktitle = {Limite e ulteriorita},
    publisher = {},
    location = {Milan},
    year = 1991,
    pagetotal = {9},
    language = {italien},
    keywords = {collectif-crh, crh-1991}
    }

@incollection{Velay4701-1991,
    author = {Velay-Vallantin, Catherine},
    editor = {P. Glaudes and Y. Reuter},
    title = {Les personnages de la Bibliothèque bleue (XVIIe-XIXe siècles)},
    booktitle = {Personnage et histoire littéraire},
    publisher = {},
    location = {},
    year = 1991,
    pagetotal = {17},
    language = {français},
    keywords = {collectif-crh, crh-1991}
    }

@incollection{Vincent4717-1991,
    author = {Vincent, Bernard},
    editor = {M. Ganci and R. Romano},
    title = {Le péril morisque},
    booktitle = {Governare il mondo, l'Impero spagnolo del XV al XIX secolo},
    publisher = {},
    location = {},
    year = 1991,
    pagetotal = {11},
    language = {français},
    keywords = {collectif-crh, crh-1991}
    }

@incollection{Dauphin5629-1991,
    author = {Dauphin-Memeteau, Cécile and D.Poublan and P.Lebrun-Pezerat},
    editor = {R. Chartier},
    title = {L'enquête postale de 1847},
    booktitle = {La correspondance. Les usages de la lettre au XIXe siècle},
    publisher = {Fayard},
    location = {Paris},
    year = 1991,
    pagetotal = {99},
    language = {français},
    keywords = {collectif-crh, crh-1991}
    }

@incollection{Chartier3858-1991,
    author = {Chartier, Roger},
    editor = {},
    title = {Textes, formes, interprétations},
    booktitle = {La bibliographie et la sociologie des textes},
    publisher = {},
    location = {Paris},
    year = 1991,
    pagetotal = {14},
    language = {français},
    keywords = {preface-book-crh, crh-1991}
    }

@incollection{Chartier3859-1991,
    author = {Chartier, Roger},
    editor = {},
    title = {Historie oder das Wissen von Anderen, postface},
    booktitle = {Das Schreiben der Geschichte},
    publisher = {},
    location = {Francfort/New York et Paris},
    year = 1991,
    pagetotal = {11},
    language = {allemand},
    keywords = {preface-book-crh, crh-1991}
    }

@incollection{Sigaut4639-1991,
    author = {Sigaut, François},
    editor = {J. Perrin},
    title = {Postface},
    booktitle = {Construire une science des techniques},
    publisher = {},
    location = {Limonest},
    year = 1991,
    pagetotal = {8},
    language = {français},
    keywords = {preface-book-crh, crh-1991}
    }

@book{Amiel3634-1991,
    author = {Amiel, Charles and D. Devoto},
    title = {Erasme et l'Espagne},
    publisher = {Droz},
    series = {},
    location = {Genève},
    year = 1991,
    pagetotal = {},
    language = {français},
    % addendum = {nouvelle édition},
    keywords = {edition-txt-crh, crh-1991}
    }

@book{Bruhns3805-1991,
    author = {Bruhns, Hinnerk},
    title = {Otto Hintze : textes choisis et présentés: Féodalité, capitalisme et Etat moderne. Essais d'histoire sociale comparée},
    publisher = {},
    series = {},
    location = {Paris},
    year = 1991,
    pagetotal = {},
    language = {français},
    keywords = {edition-txt-crh, crh-1991}
    }

@book{Cerutti3825-1991,
    author = {Cerutti, Simona},
    title = {Modelli di rischio. Epidemiologia e causalità},
    publisher = {},
    series = {},
    location = {Turin},
    year = 1991,
    pagetotal = {6},
    language = {italien},
    % addendum = {introduction},
    keywords = {edition-txt-crh, crh-1991}
    }

@book{Chartier3857-1991,
    author = {Chartier, Roger},
    title = {La société des individus},
    publisher = {Fayard},
    series = {},
    location = {Paris},
    year = 1991,
    pagetotal = {23},
    language = {français},
    % addendum = {Conscience de soi et lien social, avant propos},
    keywords = {edition-txt-crh, crh-1991}
    }

@report{Chapelot3833-1991,
    author = {Chapelot, Jean and J. Barréra and C. Carrierre-Desbois and V. Serna and M. Viré},
    title = {Fouille de sauvetage d'une latrine médiévale dans la tour des Salves du château de Vincennes},
    publisher = {},
    institution = {Equipe de recherche sur le château de Vincennes et la banlieue est},
    location = {},
    year = 1991,
    pagetotal = {},
    language = {français},
    keywords = {report-crh, crh-1991}
    }

@report{Chapelot3834-1991,
    author = {Chapelot, Jean},
    title = {Le manoir capétien de Vincennes. Rapport de fouille. Rapport 4},
    publisher = {},
    institution = {Equipe de recherche sur le château de Vincennes et la banlieue est},
    location = {},
    year = 1991,
    pagetotal = {},
    language = {français},
    keywords = {report-crh, crh-1991}
    }

@report{Chapelot3835-1991,
    author = {Chapelot, Jean and S. Collet and V. Serna and P.-J. Trombetta and M. Viré},
    title = {Le manoir capétien de Vincennes. Rapport de fouille. Rapport 2},
    publisher = {},
    institution = {Equipe de recherche sur le château de Vincennes et la banlieue est},
    location = {},
    year = 1991,
    pagetotal = {},
    language = {français},
    keywords = {report-crh, crh-1991}
    }

@book{Boureau3746-1991,
    author = {Boureau, Alain},
    editor = {},
    title = {La Papessa Giovanna},
    publisher = {},
    series = {},
    location = {Turin},
    year = 1991,
    pagetotal = {},
    language = {italien},
    addendum = {réédition},
    keywords = {reedition-crh, crh-1991}
    }

@book{Chapelot3831-1991,
    author = {Chapelot, Jean and I. Cabillic},
    editor = {},
    title = {Le château de Vincennes. 2e édition},
    publisher = {},
    series = {},
    location = {Rennes},
    year = 1991,
    pagetotal = {},
    language = {français},
    addendum = {réédition},
    keywords = {reedition-crh, crh-1991}
    }

@book{Chartier3848-1991,
    author = {Chartier, Roger},
    editor = {R. Chartier and H.-J. Martin},
    title = {Histoire de l'édition française. réédition avec un complément bibliographique},
    publisher = {},
    series = {},
    location = {Paris},
    year = 1991,
    pagetotal = {},
    language = {français},
    addendum = {réédition},
    keywords = {reedition-crh, crh-1991}
    }

@book{Chartier3849-1991,
    author = {Chartier, Roger and P. Ariès},
    editor = {},
    title = {Historia da Vida Privada, 3 Da Renascença ao Século das Luzes},
    publisher = {},
    series = {},
    location = {Sao Paulo},
    year = 1991,
    pagetotal = {},
    language = {portugais},
    addendum = {réédition},
    keywords = {reedition-crh, crh-1991}
    }

@book{Chartier3850-1991,
    author = {Chartier, Roger and P. Ariès},
    editor = {},
    title = {Geschichte des privaten Lebens},
    publisher = {},
    series = {},
    location = {Francfort-sur-le-Main},
    year = 1991,
    pagetotal = {},
    language = {allemand},
    addendum = {réédition},
    keywords = {reedition-crh, crh-1991}
    }

@book{Hartog4180-1991,
    author = {Hartog, François},
    editor = {},
    title = {Le miroir d'Hérodote},
    publisher = {Paris},
    series = {},
    location = {nouvelle édition revue et augmentée},
    year = 1991,
    pagetotal = {},
    language = {français},
    addendum = {réédition},
    keywords = {reedition-crh, crh-1991}
    }

@book{Valensi4693-1991,
    author = {Valensi, Lucette and A.-L. Udovitch},
    editor = {},
    title = {Juifs en Terre d'Islam. Les communautés de Djerba},
    publisher = {},
    series = {},
    location = {Paris},
    year = 1991,
    pagetotal = {},
    language = {français},
    addendum = {réédition},
    keywords = {reedition-crh, crh-1991}
    }

@book{Debert3911-1991,
    author = {Debert, Aline and B. Ardura and P. Lerou},
    editor = {},
    title = {La pitié populaire en France : répertoire bibliographique},
    publisher = {},
    series = {},
    location = {Corse/Paris},
    year = 1991,
    pagetotal = {},
    language = {français},
    keywords = {outil-recherche-crh, crh-1991}
    }

@book{Greard4122-1991,
    author = {Greard, Catherine and M. Grimberg and Y. Trabu},
    editor = {},
    title = {Vingt Années d'Histoire de Sciences Humaines, Table Analytique des Annales (1969-1988)},
    publisher = {},
    series = {},
    location = {Paris},
    year = 1991,
    pagetotal = {},
    language = {français},
    keywords = {outil-recherche-crh, crh-1991}
    }

@book{LeMee4313-1991,
    author = {Le Mee, René},
    editor = {},
    title = {Bibliographie Internationale de Démographie Historique, 1990},
    publisher = {},
    series = {},
    location = {Liège},
    year = 1991,
    pagetotal = {},
    language = {français},
    keywords = {outil-recherche-crh, crh-1991}
    }

@incollection{Smedley4660-1991,
    author = {Smedley-Weill, Anette},
    editor = {},
    title = {Généralité de Flandre, province de Hainaut, généralité de Metz, duché de Luxembourg-comté de Chiny, gouvernement des Frontières de Champagne, provinces de Champagne, Alsace, Franche-Comté, Bourgogne, généralités de Soissons, Amiens, Paris, Bourges, Moulin},
    booktitle = {Naissance d'une administration, sous série G7, Inventaire analytique},
    publisher = {Archives Nationales},
    series = {},
    location = {Paris},
    year = 1991,
    pagetotal = {},
    language = {français},
    keywords = {outil-recherche-crh, crh-1991}
    }

