@article{Baschet3658-1992,
    author = {Baschet, Jérome},
    title = {Les vidéodisques des manuscrits de la Bibliothèque Vaticane et la réalisation d'une base de données iconographiques},
    journal = {Arte medievale},
    year = 1992,
    language = {français},
    keywords = {art-crh, crh-1992}
    }

@article{Benoit3675-1992,
    author = {Benoit, Serge},
    title = {Seconde Partie. L'usine et ses fabrications},
    journal = {Bulletin de la Société des Sciences historiques et naturelles de l'Yonne},
    year = 1992,
    language = {français},
    keywords = {art-crh, crh-1992}
    }

@article{Berlioz3701-1992,
    author = {Berlioz, Jacques},
    title = {Conflits de bornage et visions infernales. Deux récits du <Vvi>Recull de eximplis e miracles</Vvi> (XVe siècle)},
    journal = {Frontières},
    year = 1992,
    language = {français},
    keywords = {art-crh, crh-1992}
    }

@article{Berlioz3702-1992,
    author = {Berlioz, Jacques},
    title = {Deux figures de l'excès : Robert le Diable et Gilles de Rais},
    journal = {Les Cahiers Gilles de Rais},
    year = 1992,
    language = {français},
    keywords = {art-crh, crh-1992}
    }

@article{Berthe3711-1992,
    author = {Berthe, Jean-Pierre},
    title = {Nouveaux Mémoires touchant le Mexique ou la Nouvelle-Espagne, du Capitaine Jean de Monségur, 1707-1714},
    journal = {Revue de la Bibliothèque Nationale},
    year = 1992,
    language = {français},
    keywords = {art-crh, crh-1992}
    }

@article{Berthe3712-1992,
    author = {Berthe, Jean-Pierre and M.-F.-G. de Los Arcos},
    title = {Les îles Philippines, troisième monde, selon D. Francisco de Samaniego, 1650},
    journal = {Archipel},
    year = 1992,
    language = {français},
    keywords = {art-crh, crh-1992}
    }

@article{Bonnain3721-1992,
    author = {Bonnain, Rolande},
    title = {Des produits régionaux réhabilités ou redécouverts},
    journal = {Alimentation et lien social},
    year = 1992,
    language = {français},
    keywords = {art-crh, crh-1992}
    }

@article{Bonnain3723-1992,
    author = {Bonnain, Rolande},
    title = {The Bread of the Dead, or One Use of a Forgotten Cereal},
    journal = {Food and Foodways},
    year = 1992,
    language = {anglais},
    keywords = {art-crh, crh-1992}
    }

@article{Bourdelais3730-1992,
    author = {Bourdelais, Patrice},
    title = {La vieillesse a changé d'âge},
    journal = {Psychanalystes},
    year = 1992,
    language = {français},
    keywords = {art-crh, crh-1992}
    }

@article{Boureau3759-1992,
    author = {Boureau, Alain},
    title = {L'adage Vox populi, vox dei et l'invention de la nation anglaise (VIIIe-XIIe siècles)},
    journal = {Annales E.S.C.},
    year = 1992,
    language = {français},
    keywords = {art-crh, crh-1992}
    }

@article{Boureau3762-1992,
    author = {Boureau, Alain},
    title = {Droit et théologie au XIIIe siècle},
    journal = {Annales E.S.C.},
    year = 1992,
    language = {français},
    keywords = {art-crh, crh-1992}
    }

@article{Boureau3765-1992,
    author = {Boureau, Alain},
    title = {Incandescences médiévales. La fusion du fer entre technique et spiritualité (XIIe-XIIIe siècles)},
    journal = {Terrain},
    year = 1992,
    language = {français},
    keywords = {art-crh, crh-1992}
    }

@article{Brabant3779-1992,
    author = {Brabant, Eva},
    title = {Le fond de l'histoire},
    journal = {Le Coq Héron},
    year = 1992,
    language = {français},
    keywords = {art-crh, crh-1992}
    }

@article{Brabant3780-1992,
    author = {Brabant, Eva},
    title = {Biographies des psychanalystes hongrois},
    journal = {Le Coq Héron},
    year = 1992,
    language = {français},
    keywords = {art-crh, crh-1992}
    }

@article{Braunstein3790-1992,
    author = {Braunstein, Philippe and P. Beck and M. Philippe},
    title = {Le bois, le fer et l'eau en forêt d'Othe à la fin du Moyen-Age : bilan et perspectives},
    journal = {Cahiers du Centre de Recherches Historiques},
    year = 1992,
    language = {français},
    keywords = {art-crh, crh-1992}
    }

@article{Braunstein3798-1992,
    author = {Braunstein, Philippe},
    title = {Les statuts miniers de l'Europe médiévale},
    journal = {Académie des Inscriptions et Belles-Lettres, Comptes-rendus des séances de l'année 1992},
    year = 1992,
    language = {français},
    keywords = {art-crh, crh-1992}
    }

@article{Bruhns3806-1992,
    author = {Bruhns, Hinnerk},
    title = {Histoires d'Allemagne},
    journal = {Vingtième siècle.},
    year = 1992,
    language = {français},
    keywords = {art-crh, crh-1992}
    }

@article{Cerutti3828-1992,
    author = {Cerutti, Simona},
    title = {Conflitti nel mondo del lavoro},
    journal = {Quaderni Storici},
    year = 1992,
    language = {italien},
    keywords = {art-crh, crh-1992}
    }

@article{Chartier3868-1992,
    author = {Chartier, Roger},
    title = {Laborers and Voyagers : From the text to the Reader},
    journal = {Diacritics},
    year = 1992,
    language = {anglais},
    keywords = {art-crh, crh-1992}
    }

@article{Chartier3869-1992,
    author = {Chartier, Roger},
    title = {Le monde comme représentation},
    journal = {Shiso},
    year = 1992,
    language = {japonais},
    keywords = {art-crh, crh-1992}
    }

@article{Chartier3870-1992,
    author = {Chartier, Roger},
    title = {Marchés du livre et pratiques de lecture dans la France moderne. Aux origines culturelles de la Révolution française},
    journal = {Shiso},
    year = 1992,
    language = {français},
    keywords = {art-crh, crh-1992}
    }

@article{Chartier3871-1992,
    author = {Chartier, Roger},
    title = {Alltägliches Schreiben und Lesen. Modelle und Praktiken des Briefeschreibens in Frankreich des Ancien Regime},
    journal = {Leipziger Jahrbuch zur Buchgeschichte},
    year = 1992,
    language = {allemand},
    keywords = {art-crh, crh-1992}
    }

@article{Chartier3872-1992,
    author = {Chartier, Roger},
    title = {Odczytac na nowo Morneta : Oswiecenie a rewolucja, Rewolucja a Oswiecenie},
    journal = {Wiek Oswiecenia},
    year = 1992,
    language = {polonais},
    keywords = {art-crh, crh-1992}
    }

@article{Dakhlia3905-1992,
    author = {Dakhlia, Jocelyne},
    title = {L'historien au piège de la mémoire},
    journal = {Cahiers du Célat},
    year = 1992,
    language = {français},
    keywords = {art-crh, crh-1992}
    }

@article{Dakhlia3906-1992,
    author = {Dakhlia, Jocelyne},
    title = {Le pouvoir indigne : une mémoire de la tyrannie dans le Sud tunisien},
    journal = {Cahiers de la Méditerranée},
    year = 1992,
    language = {français},
    keywords = {art-crh, crh-1992}
    }

@article{Depeyrot3950-1992,
    author = {Depeyrot, Georges},
    title = {Le système monétaire de Dioclétien à la fin de l'Empire romain},
    journal = {Revue Belge de numismatique},
    year = 1992,
    language = {français},
    keywords = {art-crh, crh-1992}
    }

@article{Depeyrot3951-1992,
    author = {Depeyrot, Georges and Cl. Lemaire},
    title = {Nouvelles trouvailles monétaires au Bastit},
    journal = {Bulletin de la Société des Etudes du Lot},
    year = 1992,
    language = {français},
    keywords = {art-crh, crh-1992}
    }

@article{Depeyrot3952-1992,
    author = {Depeyrot, Georges},
    title = {Le trésor de deniers romains d'Espanel (1er siècle), (Molières, Tarn-et-Garonne)},
    journal = {Cahiers Numismatiques},
    year = 1992,
    language = {français},
    keywords = {art-crh, crh-1992}
    }

@article{Descimon3967-1992,
    author = {Descimon, Robert},
    title = {Les fonctions de la métaphore du mariage politique du roi et de la république, France, XVe-XVIIIe siècles},
    journal = {Annales E.S.C.},
    year = 1992,
    language = {français},
    keywords = {art-crh, crh-1992}
    }

@article{Desrosiers3974-1992,
    author = {Desrosiers, Sophie and I. Pulini},
    title = {Las tecnicas de tejido tienen un sentido ? Una propuesta de lectura de los tejidos andinos},
    journal = {Revista Andina},
    year = 1992,
    language = {espagnol},
    keywords = {art-crh, crh-1992}
    }

@article{Desrosiers3976-1992,
    author = {Desrosiers, Sophie},
    title = {Une soierie à grands losanges bicolores apparentée aux draps d'areste},
    journal = {Bulletin de liaison du CIETA},
    year = 1992,
    language = {français},
    keywords = {art-crh, crh-1992}
    }

@article{Dewerpe3983-1992,
    author = {Dewerpe, Alain},
    title = {Taylorismo e filantropia in un dossier fotografico della Citroën (1917)},
    journal = {Ventesimo Secolo},
    year = 1992,
    language = {italien},
    keywords = {art-crh, crh-1992}
    }

@article{Elboudrari3997-1992,
    author = {Elboudrari, Hassan},
    title = {Entre le symbolique et l'historique : Khadir im-mémorial},
    journal = {Studia Islamica},
    year = 1992,
    language = {français},
    keywords = {art-crh, crh-1992}
    }

@article{Emptoz4007-1992,
    author = {Emptoz, Gérard},
    title = {La collection Clair au Musée Crozatier du Puy-en-Velay : un patrimoine pour l'histoire de la mécanique},
    journal = {Le patrimoine technique de l'industrie. Bulletin Société Industrielle de Mulhouse},
    year = 1992,
    language = {français},
    keywords = {art-crh, crh-1992}
    }

@article{Fauve4025-1992,
    author = {Fauve-Chamoux, Antoinette},
    title = {Od rodiny k domacnosti y preindustrialni evrope (16.18 stoleti)},
    journal = {Historicka demografie},
    year = 1992,
    language = {polonais},
    keywords = {art-crh, crh-1992}
    }

@article{Ferro4040-1992,
    author = {Ferro, Marc},
    title = {De Braudel à Histoire Parallèle, entretien de François Garçon et Pierre Sorlin avec Marc Ferro},
    journal = {Cinéma et Histoire autour de Marc Ferro, CinemAction},
    year = 1992,
    language = {français},
    keywords = {art-crh, crh-1992}
    }

@article{Fontanon4047-1992,
    author = {Fontanon, Claudine and A. Grelon},
    title = {Les origines du Conservatoire et son fonctionnement à l'époque révolutionnaire (1780-1815)},
    journal = {Cahiers d'histoire du CNAM},
    year = 1992,
    language = {français},
    keywords = {art-crh, crh-1992}
    }

@article{Fridenson4062-1992,
    author = {Fridenson, Patrick},
    title = {De la diversification au recentrage : le groupe Thomson (1976-1989)},
    journal = {Entreprises et Histoire},
    year = 1992,
    language = {français},
    keywords = {art-crh, crh-1992}
    }

@article{Fridenson4063-1992,
    author = {Fridenson, Patrick and J.-L. Robert},
    title = {Les ouvriers dans la France de la Seconde Guerre Mondiale. Un bilan},
    journal = {Le Mouvement Social},
    year = 1992,
    language = {français},
    keywords = {art-crh, crh-1992}
    }

@article{Fridenson4064-1992,
    author = {Fridenson, Patrick},
    title = {Le temps de travail, enjeu de luttes sociales},
    journal = {Futuribles},
    year = 1992,
    language = {français},
    keywords = {art-crh, crh-1992}
    }

@article{Goldberg4104-1992,
    author = {Goldberg, Sylvie-Anne},
    title = {Le statut de l'histoire dans les études juives en France},
    journal = {Bulletin des Etudes juives},
    year = 1992,
    language = {français},
    keywords = {art-crh, crh-1992}
    }

@article{Green4131-1992,
    author = {Green, Nancy},
    title = {Les quartiers de l'habillement à la Belle Epoque},
    journal = {Cahiers du CREPIF},
    year = 1992,
    language = {français},
    keywords = {art-crh, crh-1992}
    }

@article{Grenier4138-1992,
    author = {Grenier, Jean-Yves},
    title = {L'histoire économique moderne et contemporaine en France : un bilan critique},
    journal = {Historica},
    year = 1992,
    language = {français},
    keywords = {art-crh, crh-1992}
    }

@article{Guelle4154-1992,
    author = {Guelle, Françoise},
    title = {Furansu ni okeru nihon kigyô no chokusetsutôshi no genjô to kongo no kadai},
    journal = {Monthly KINKI},
    year = 1992,
    language = {japonais},
    keywords = {art-crh, crh-1992}
    }

@article{Guerreau4166-1992,
    author = {Guerreau, Alain},
    title = {Edifices médiévaux, métrologie, organisation de l'espace. A propos de la cathédrale de Beauvais},
    journal = {Annales E.S.C.},
    year = 1992,
    language = {français},
    keywords = {art-crh, crh-1992}
    }

@article{Hartog4184-1992,
    author = {Hartog, François},
    title = {Entre les anciens et les modernes, les sauvages, ou de Claude Lévy-Strauss à Claude lévi-Strauss},
    journal = {Gradhiva},
    year = 1992,
    language = {français},
    keywords = {art-crh, crh-1992}
    }

@article{Jouhaud4209-1992,
    author = {Jouhaud, Christian},
    title = {Les 'Mémoires' de Richelieu : une logique manufacturière},
    journal = {Mots},
    year = 1992,
    language = {français},
    keywords = {art-crh, crh-1992}
    }

@article{Jouhaud4210-1992,
    author = {Jouhaud, Christian},
    title = {Richelieu's Workshop : From Archive to Manuscript, From the Production of Writing to the Writing of History},
    journal = {South Antiquarian Quarterly},
    year = 1992,
    language = {anglais},
    keywords = {art-crh, crh-1992}
    }

@article{Klapisch4250-1992,
    author = {Klapisch-Zuber, Christiane},
    title = {La genèse de l'arbre généalogique},
    journal = {Les Cahiers du Léopard d'or},
    year = 1992,
    language = {français},
    keywords = {art-crh, crh-1992}
    }

@article{Klapisch4251-1992,
    author = {Klapisch-Zuber, Christiane},
    title = {The Genesis of the Family Tree},
    journal = {I Tatti Studies},
    year = 1992,
    language = {anglais},
    keywords = {art-crh, crh-1992}
    }

@article{Klapisch4253-1992,
    author = {Klapisch-Zuber, Christiane},
    title = {Un salario o l'onore : come valutare le donne fiorentine del XIV-XV secolo},
    journal = {Quaderni storici},
    year = 1992,
    language = {italien},
    keywords = {art-crh, crh-1992}
    }

@article{Klapisch4256-1992,
    author = {Klapisch-Zuber, Christiane},
    title = {Famille, religion et sexualité à Florence au Moyen-Age},
    journal = {Revue de l'histoire des religions},
    year = 1992,
    language = {français},
    keywords = {art-crh, crh-1992}
    }

@article{LeBras4270-1992,
    author = {Le Bras, Hervé},
    title = {The myth of Overpopulation},
    journal = {Projection},
    year = 1992,
    language = {anglais},
    keywords = {art-crh, crh-1992}
    }

@article{LeBras4271-1992,
    author = {Le Bras, Hervé},
    title = {La présence des grands-parents tient autant à la fécondité et à la nuptialité qu'à la mortalité},
    journal = {Annales de Démographie Historique},
    year = 1992,
    language = {français},
    keywords = {art-crh, crh-1992}
    }

@article{LeBras4272-1992,
    author = {Le Bras, Hervé},
    title = {L'énigme de la vague d'avancée},
    journal = {Topoï Orient-Occident},
    year = 1992,
    language = {français},
    keywords = {art-crh, crh-1992}
    }

@article{LeBras4273-1992,
    author = {Le Bras, Hervé},
    title = {Les vrais-faux secrets de la Pyramide},
    journal = {Epargne et finance},
    year = 1992,
    language = {français},
    keywords = {art-crh, crh-1992}
    }

@article{LeBras4274-1992,
    author = {Le Bras, Hervé},
    title = {Quelle population demain ?},
    journal = {Les personnes âgées et la société de demain, IDAR},
    year = 1992,
    language = {français},
    keywords = {art-crh, crh-1992}
    }

@article{LeGoff4296-1992,
    author = {Le Goff, Jacques},
    title = {Dio e mammona},
    journal = {Etruria oggi},
    year = 1992,
    language = {italien},
    keywords = {art-crh, crh-1992}
    }

@article{Lemay4308-1992,
    author = {Lemay, Edna},
    title = {1789 : National Patriotism in France or Failure to Reform},
    journal = {History of European Ideas},
    year = 1992,
    language = {anglais},
    keywords = {art-crh, crh-1992}
    }

@article{LeMee4316-1992,
    author = {Le Mee, René},
    title = {Croissance démographique et économie dans l'élection de Rozay au XVIIIe siècle},
    journal = {Paris et Ile-de-France. Mémoires publiés par la Fédération des Sociétés historiques et archéologiques de Paris et de l'Ile-de-France},
    year = 1992,
    language = {français},
    keywords = {art-crh, crh-1992}
    }

@article{Lepetit4326-1992,
    author = {Lepetit, Bernard},
    title = {Urbanization in Eighteenth Century France : A Comment},
    journal = {Journal of Interdisciplinary History XXIII},
    year = 1992,
    language = {anglais},
    keywords = {art-crh, crh-1992}
    }

@article{Lepetit4327-1992,
    author = {Lepetit, Bernard},
    title = {La historia urbana en Francia : veinte anos de investigaciones},
    journal = {Sequencia},
    year = 1992,
    language = {espagnol},
    keywords = {art-crh, crh-1992}
    }

@article{Lepetit4328-1992,
    author = {Lepetit, Bernard and J. Revel},
    title = {L'expérimentation contre l'arbitraire},
    journal = {Annales E.S.C.},
    year = 1992,
    language = {français},
    keywords = {art-crh, crh-1992}
    }

@article{Lepetit4329-1992,
    author = {Lepetit, Bernard},
    title = {Séries longues, histoire longue},
    journal = {Genèses},
    year = 1992,
    language = {français},
    keywords = {art-crh, crh-1992}
    }

@article{Mane4355-1992,
    author = {Mane, Perrine},
    title = {Images de la vie des villageois, Villages et villageois au Moyen-Age},
    journal = {Société des Historiens médiévistes de l'Enseignement supérieur public},
    year = 1992,
    language = {français},
    keywords = {art-crh, crh-1992}
    }

@article{Mane4357-1992,
    author = {Mane, Perrine},
    title = {Images du cheval à la ferme},
    journal = {Sénéfiance},
    year = 1992,
    language = {français},
    keywords = {art-crh, crh-1992}
    }

@article{Mouradian4373-1992,
    author = {Mouradian, Claire},
    title = {La Transcaucasie : une poudrière},
    journal = {RAMSES 1993},
    year = 1992,
    language = {français},
    keywords = {art-crh, crh-1992}
    }

@article{Netter4379-1992,
    author = {Netter, Marie-Laurence},
    title = {Proudhon et les droites. De l'Action française à Uriage},
    journal = {Mil Neuf Cent},
    year = 1992,
    language = {français},
    keywords = {art-crh, crh-1992}
    }

@article{Netter4380-1992,
    author = {Netter, Marie-Laurence},
    title = {La Révolution française : un exemple d'interprétation conflictuelle},
    journal = {Storia della Storiografia},
    year = 1992,
    language = {français},
    keywords = {art-crh, crh-1992}
    }

@article{Pesez4411-1992,
    author = {Pesez, Jean-Marie},
    title = {The emergence of the village in France and in the West},
    journal = {Landscape History},
    year = 1992,
    language = {anglais},
    keywords = {art-crh, crh-1992}
    }

@article{Piponnier4420-1992,
    author = {Piponnier, Françoise},
    title = {Les dijonnais et l'eau},
    journal = {Mélange de l'Ecole Française de Rome},
    year = 1992,
    language = {français},
    keywords = {art-crh, crh-1992}
    }

@article{Podselver4429-1992,
    author = {Podselver, Laurence},
    title = {Le choix de la tradition et les exigences de la modernité : les femmes Loubavitch en France},
    journal = {Yod},
    year = 1992,
    language = {français},
    keywords = {art-crh, crh-1992}
    }

@article{Podselver4430-1992,
    author = {Podselver, Laurence},
    title = {La tradition réinventée : l'exemple de l'école loubavitch},
    journal = {Revue des Etudes Juives},
    year = 1992,
    language = {français},
    keywords = {art-crh, crh-1992}
    }

@article{Pomian4470-1992,
    author = {Pomian, Krzysztof},
    title = {Powrot narodow (Le retour des nations)},
    journal = {Nowe ksiazki},
    year = 1992,
    language = {polonais},
    keywords = {art-crh, crh-1992}
    }

@article{Pomian4476-1992,
    author = {Pomian, Krzysztof},
    title = {Le temps du regard},
    journal = {Les Cahiers du Musée national d'art moderne},
    year = 1992,
    language = {français},
    keywords = {art-crh, crh-1992}
    }

@article{Pomian4477-1992,
    author = {Pomian, Krzysztof},
    title = {L'Europe et ses frontières},
    journal = {Le débat},
    year = 1992,
    language = {français},
    keywords = {art-crh, crh-1992}
    }

@article{Pomian4479-1992,
    author = {Pomian, Krzysztof},
    title = {Historijske posebnosti srednje i istocne Europe (Particularités historiques de l'Europe centrale et orientale)},
    journal = {Lettre internationale},
    year = 1992,
    language = {croate},
    keywords = {art-crh, crh-1992}
    }

@article{Prochasson4496-1992,
    author = {Prochasson, Christophe},
    title = {Les mots et les gestes},
    journal = {Revue des études sud-est européennes. Civilisations-mentalités},
    year = 1992,
    language = {français},
    keywords = {art-crh, crh-1992}
    }

@article{Prochasson4497-1992,
    author = {Prochasson, Christophe},
    title = {Histoire intellectuelle/histoire des intellectuels : le socialisme français au début du XXe siècle},
    journal = {Revue d'histoire moderne et contemporaine},
    year = 1992,
    language = {français},
    keywords = {art-crh, crh-1992}
    }

@article{Prochasson4498-1992,
    author = {Prochasson, Christophe and G Candar},
    title = {Le socialisme à la conquête des terroirs},
    journal = {Le mouvement social},
    year = 1992,
    language = {français},
    keywords = {art-crh, crh-1992}
    }

@article{Randles4511-1992,
    author = {Randles, William},
    title = {Le ciel chez les Jésuites Espagnols et Portuguais (1590-1651)},
    journal = {Mare Liberium},
    year = 1992,
    language = {français},
    keywords = {art-crh, crh-1992}
    }

@article{Revel4523-1992,
    author = {Revel, Jacques and B. Lepetit},
    title = {L'expérimentation contre l'arbitraire},
    journal = {Annales E.S.C.},
    year = 1992,
    language = {français},
    keywords = {art-crh, crh-1992}
    }

@article{Rucquoi4545-1992,
    author = {Rucquoi, Adeline},
    title = {La invencion de una memoria : los cabildos peninsulares del siglo XII},
    journal = {Temas Medievales},
    year = 1992,
    language = {espagnol},
    keywords = {art-crh, crh-1992}
    }

@article{Rucquoi4546-1992,
    author = {Rucquoi, Adeline},
    title = {Les Juifs dans la région de Valladolid},
    journal = {Revue du monde musulman et de la Méditerranée},
    year = 1992,
    language = {français},
    keywords = {art-crh, crh-1992}
    }

@article{Rucquoi4547-1992,
    author = {Rucquoi, Adeline},
    title = {De los reyes que no son taumaturgos : los fundamentos de la realeza en Espana},
    journal = {Relaciones. Estudios de Historia y Sociedad},
    year = 1992,
    language = {espagnol},
    keywords = {art-crh, crh-1992}
    }

@article{Scherrer4566-1992,
    author = {Scherrer, Jutta},
    title = {La nouvelle Russie à la recherche de ses anciens émigrés},
    journal = {Politix},
    year = 1992,
    language = {français},
    keywords = {art-crh, crh-1992}
    }

@article{Scherrer4568-1992,
    author = {Scherrer, Jutta},
    title = {Ob odnoj teolojii revoljucii. Merezkovskij i russkij simvolizm},
    journal = {Stupeni},
    year = 1992,
    language = {russe},
    keywords = {art-crh, crh-1992}
    }

@article{Schmitt4588-1992,
    author = {Schmitt, Jean-Claude},
    title = {La notion de sacré et son application à l'histoire du christianisme médiéval},
    journal = {Cahiers du Centre de Recherches Historiques},
    year = 1992,
    language = {français},
    keywords = {art-crh, crh-1992}
    }

@article{Schmitt4595-1992,
    author = {Schmitt, Jean-Claude},
    title = {De historicus en het 'bijgeloof' in de middeleeuven},
    journal = {Millenium},
    year = 1992,
    language = {hollandais},
    keywords = {art-crh, crh-1992}
    }

@article{Schnapper4621-1992,
    author = {Schnapper, Dominique},
    title = {L'Europe, marché ou volonté politique ? Point de vue d'un sociologue},
    journal = {Commentaire},
    year = 1992,
    language = {français},
    keywords = {art-crh, crh-1992}
    }

@article{Seitz4629-1992,
    author = {Seitz, Frédéric},
    title = {Les rapports entre architectes et ingénieurs en France : l'Exposition Universelle de 1889},
    journal = {Revue d'Histoire Moderne et Contemporaine},
    year = 1992,
    language = {français},
    keywords = {art-crh, crh-1992}
    }

@article{Sigaut4646-1992,
    author = {Sigaut, François},
    title = {Un exemple de régression scientifique ? Ethologie animale et mécanisme dans la première moitié du XXe siècle},
    journal = {Cahiers d'histoire et de philosophie des sciences},
    year = 1992,
    language = {français},
    keywords = {art-crh, crh-1992}
    }

@article{Sigaut4647-1992,
    author = {Sigaut, François},
    title = {Le triangle du sens},
    journal = {Techniques et Culture},
    year = 1992,
    language = {français},
    keywords = {art-crh, crh-1992}
    }

@article{Sigaut4650-1992,
    author = {Sigaut, François},
    title = {La viande de cheval a-t-elle été interdite par l'église ?},
    journal = {Ethnozootechnie},
    year = 1992,
    language = {français},
    keywords = {art-crh, crh-1992}
    }

@article{Smedley4662-1992,
    author = {Smedley-Weill, Anette},
    title = {La France entre deux guerres, l'administration des provinces de 1678 à 1689},
    journal = {Revue de la Bibliothèque Nationale},
    year = 1992,
    language = {français},
    keywords = {art-crh, crh-1992}
    }

@article{Tenenti4677-1992,
    author = {Tenenti, Alberto},
    title = {La rappresentazione della morte collettiva nel Decameron},
    journal = {Intersezioni},
    year = 1992,
    language = {italien},
    keywords = {art-crh, crh-1992}
    }

@article{Velay4706-1992,
    author = {Velay-Vallantin, Catherine},
    title = {Images, imagerie et imaginaire du conte},
    journal = {Romantisme, Revue de la Société des Etudes Romantiques et dix-neuviémistes},
    year = 1992,
    language = {français},
    keywords = {art-crh, crh-1992}
    }

@article{Velay4707-1992,
    author = {Velay-Vallantin, Catherine},
    title = {Barbe-bleue, le dit, l'écrit, le représenté},
    journal = {Romantisme, Revue de la Société des Etudes romantiques et dix-neuviémistes},
    year = 1992,
    language = {français},
    keywords = {art-crh, crh-1992}
    }

@article{Vincent4723-1992,
    author = {Vincent, Bernard},
    title = {Espana vista por los viajeros franceses},
    journal = {Historia},
    year = 1992,
    language = {espagnol},
    keywords = {art-crh, crh-1992}
    }

@book{Arbellot3651-1992,
    author = {Arbellot, Guy},
    title = {Autour des routes de poste. Les premières cartes routières de la France (XVIIe-XIXe siècles)},
    publisher = {},
    series = {},
    location = {Paris},
    year = 1992,
    pagetotal = {},
    language = {français},
    keywords = {book-crh, crh-1992}
    }

@book{Berlioz3699-1992,
    author = {Berlioz, Jacques},
    title = {Le rire du prédicateur. Récits facétieux du Moyen-Age (textes traduits par Albert Lecoy de la Marche)},
    publisher = {},
    series = {},
    location = {Turnhout},
    year = 1992,
    pagetotal = {},
    language = {français},
    keywords = {book-crh, crh-1992}
    }

@book{Braunstein3793-1992,
    author = {Braunstein, Philippe},
    title = {Un banquier mis à nu. Autobiographie de Matthäus Schwarz, bourgeois d'Augsbourg},
    publisher = {},
    series = {},
    location = {Paris},
    year = 1992,
    pagetotal = {},
    language = {français},
    keywords = {book-crh, crh-1992}
    }

@book{Cerutti3827-1992,
    author = {Cerutti, Simona},
    title = {Mestieri e privilegi. Nascita delle corporazioni a Torino, secoli XVII-XVIII},
    publisher = {},
    series = {},
    location = {Turin},
    year = 1992,
    pagetotal = {},
    language = {italien},
    keywords = {book-crh, crh-1992}
    }

@book{Chartier3860-1992,
    author = {Chartier, Roger},
    title = {L'ordre des livres. Lecteurs, auteurs, bibliothèques en Europe entre XIVe et XVIIIe siècles},
    publisher = {},
    series = {},
    location = {Aix-en-Provence},
    year = 1992,
    pagetotal = {},
    language = {français},
    keywords = {book-crh, crh-1992}
    }

@book{Chartier3861-1992,
    author = {Chartier, Roger},
    title = {El Mundo como representacion. Estudios sobre historia cultural},
    publisher = {},
    series = {},
    location = {Barcelone},
    year = 1992,
    pagetotal = {},
    language = {espagnol},
    keywords = {book-crh, crh-1992}
    }

@book{Chartier3863-1992,
    author = {Chartier, Roger},
    title = {L'histoire culturelle de la lecture. Textes, livres, lectures},
    publisher = {},
    series = {},
    location = {Tokyo},
    year = 1992,
    pagetotal = {},
    language = {français},
    keywords = {book-crh, crh-1992}
    }

@book{Demelas3925-1992,
    author = {Demelas-Bohy, Marie-Daniele},
    title = {L'invention politique. Bolivie, Equateur, Pérou au XIXe siècle},
    publisher = {},
    series = {},
    location = {Paris},
    year = 1992,
    pagetotal = {},
    language = {français},
    keywords = {book-crh, crh-1992}
    }

@book{Duchesne3987-1992,
    author = {Duchesne, Annie},
    title = {Le livre des merveilles, divertissement pour un empereur},
    publisher = {},
    series = {},
    location = {Paris},
    year = 1992,
    pagetotal = {},
    language = {français},
    keywords = {book-crh, crh-1992}
    }

@book{Farge4012-1992,
    author = {Farge, Arlette},
    title = {Dire et mal dire. L'opinion publique au XVIIIe siècle},
    publisher = {},
    series = {},
    location = {},
    year = 1992,
    pagetotal = {},
    language = {français},
    keywords = {book-crh, crh-1992}
    }

@book{Fouche4052-1992,
    author = {Fouche, Nicole},
    title = {Emigration alsacienne aux Etats-Unis, 1815-1870},
    publisher = {},
    series = {},
    location = {Paris},
    year = 1992,
    pagetotal = {},
    language = {français},
    keywords = {book-crh, crh-1992}
    }

@book{Goldberg4103-1992,
    author = {Goldberg, Sylvie-Anne},
    title = {Olam (édition de Mark Zborowski et Elisabeth Herzog)},
    publisher = {},
    series = {},
    location = {Paris},
    year = 1992,
    pagetotal = {},
    language = {français},
    keywords = {book-crh, crh-1992}
    }

@book{Goubert4111-1992,
    author = {Goubert, Jean-Pierre},
    title = {Médecins d'hier, médecins d'aujourd'hui. Le cas du docteur Lavergne (1756-1831)},
    publisher = {},
    series = {},
    location = {Paris},
    year = 1992,
    pagetotal = {},
    language = {français},
    keywords = {book-crh, crh-1992}
    }

@book{Martin4363-1992,
    author = {Martin-Fugier, Anne},
    title = {La vie quotidienne de Louis-Philippe et de sa famille, 1830-1848},
    publisher = {},
    series = {},
    location = {Paris},
    year = 1992,
    pagetotal = {},
    language = {français},
    keywords = {book-crh, crh-1992}
    }

@book{Ozouf4389-1992,
    author = {Ozouf, Mona and J. Ozouf},
    title = {La République des Instituteurs},
    publisher = {EHESS/Gallimard/Seuil},
    series = {},
    location = {Paris},
    year = 1992,
    pagetotal = {389},
    language = {français},
    keywords = {book-crh, crh-1992}
    }

@book{Ozouf4396-1992,
    author = {Ozouf-Marignier, Marie-Vic},
    title = {La formation des départements. La représentation du territoire français à la fin du 18e siècle. bibliographie augmentée},
    publisher = {},
    series = {},
    location = {Paris},
    year = 1992,
    pagetotal = {},
    language = {français},
    keywords = {book-crh, crh-1992}
    }

@book{Pomian4471-1992,
    author = {Pomian, Krzysztof},
    title = {Europa i jej narody (L'Europe et ses nations)},
    publisher = {},
    series = {},
    location = {Varsovie},
    year = 1992,
    pagetotal = {},
    language = {polonais},
    keywords = {book-crh, crh-1992}
    }

@book{Schmitt4585-1992,
    author = {Schmitt, Jean-Claude},
    title = {Medioevo superstizioso},
    publisher = {},
    series = {},
    location = {Bari},
    year = 1992,
    pagetotal = {},
    language = {italien},
    keywords = {book-crh, crh-1992}
    }

@book{Schmitt4586-1992,
    author = {Schmitt, Jean-Claude},
    title = {Historia de la supersticion},
    publisher = {},
    series = {},
    location = {Madrid},
    year = 1992,
    pagetotal = {},
    language = {espagnol},
    keywords = {book-crh, crh-1992}
    }

@book{Schnapper4617-1992,
    author = {Schnapper, Dominique},
    title = {L'Europe des immigrés, essai sur les politiques d'immigration},
    publisher = {},
    series = {},
    location = {Paris},
    year = 1992,
    pagetotal = {},
    language = {français},
    keywords = {book-crh, crh-1992}
    }

@book{Tenenti4676-1992,
    author = {Tenenti, Alberto},
    title = {El Renacimiento},
    publisher = {},
    series = {},
    location = {Barcelone},
    year = 1992,
    pagetotal = {},
    language = {italien},
    keywords = {book-crh, crh-1992}
    }

@book{Tenenti4678-1992,
    author = {Tenenti, Alberto},
    title = {Storia di Venezia},
    publisher = {},
    series = {},
    location = {Rome},
    year = 1992,
    pagetotal = {},
    language = {italien},
    keywords = {book-crh, crh-1992}
    }

@book{Valensi4695-1992,
    author = {Valensi, Lucette},
    title = {Fables de la mémoire},
    publisher = {},
    series = {},
    location = {Paris},
    year = 1992,
    pagetotal = {},
    language = {français},
    keywords = {book-crh, crh-1992}
    }

@book{Velay4704-1992,
    author = {Velay-Vallantin, Catherine},
    title = {L'Histoire des contes},
    publisher = {},
    series = {},
    location = {Paris},
    year = 1992,
    pagetotal = {},
    language = {français},
    keywords = {book-crh, crh-1992}
    }

@book{Velay4705-1992,
    author = {Velay-Vallantin, Catherine},
    title = {La fille en garçon},
    publisher = {},
    series = {},
    location = {Carcassonne},
    year = 1992,
    pagetotal = {},
    language = {français},
    keywords = {book-crh, crh-1992}
    }

@inproceedings{Benoit3676-1992,
    author = {Benoit, Serge},
    editor = {J. Gayon},
    title = {Buffon métallurgiste : regards de l'historien et du technicien},
    booktitle = {Buffon 88, Actes du colloque international Paris-Montbard-Dijon},
    publisher = {},
    location = {Paris},
    year = 1992,
    pagetotal = {26},
    language = {français},
    keywords = {inproceedings-crh, crh-1992}
    }

@inproceedings{Chartier3866-1992,
    author = {Chartier, Roger},
    editor = {},
    title = {Le livre XIIIe-XVIIIe siècles : périodisation, production, lecture},
    booktitle = {Produzione e commercio della carta e del libro, secc. XIII-XVIII, Atti della Ventitreesima Settimana di studi, 15-20 aprile 1991},
    publisher = {},
    location = {Prato/Florence},
    year = 1992,
    pagetotal = {12},
    language = {français},
    keywords = {inproceedings-crh, crh-1992}
    }

@inproceedings{Debert3914-1992,
    author = {Debert, Aline},
    editor = {},
    title = {Deux figures féminines prémontrées du XIXe siècle : Soeur Rose et Mère Marie de la Nativité},
    booktitle = {Actes officiels du 17è colloque du Centre d'Etudes et de Recherches Prémontrées},
    publisher = {},
    location = {},
    year = 1992,
    pagetotal = {6},
    language = {français},
    keywords = {inproceedings-crh, crh-1992}
    }

@inproceedings{Desrosiers3975-1992,
    author = {Desrosiers, Sophie},
    editor = {},
    title = {Les soieries comme source historique (Europe, XIIIe-XXe siècles)},
    booktitle = {Atti della XXIV settimana di studi del Istituto internazionale di storia economica Francesco Datini, 4-9 Maggio 1992. La seta in Europa, secc. XIII-XX},
    publisher = {},
    location = {Prato},
    year = 1992,
    pagetotal = {20},
    language = {français},
    keywords = {inproceedings-crh, crh-1992}
    }

@inproceedings{Duchesne3989-1992,
    author = {Duchesne, Annie},
    editor = {},
    title = {Genèse et spécificité des comportements féminins en matière d'alcoolisation dans la France d'Ancien Régime},
    booktitle = {11e colloque de L'IREB, 25-26 novembre 1992},
    publisher = {},
    location = {},
    year = 1992,
    pagetotal = {3},
    language = {français},
    keywords = {inproceedings-crh, crh-1992}
    }

@inproceedings{Emptoz4008-1992,
    author = {Emptoz, Gérard},
    editor = {},
    title = {Essor de l'Hydro-électricité et construction mécanique en Dauphiné au début du XXe siècle : l'émergence d'un nouveau pôle d'innovation dans le domaine des turbines hydrauliques},
    booktitle = {Actes du 116e congrès national des sociétés savantes, Chambéry, 1991, Les scientifiques et la montagne},
    publisher = {},
    location = {Paris},
    year = 1992,
    pagetotal = {12},
    language = {français},
    keywords = {inproceedings-crh, crh-1992}
    }

@inproceedings{Emptoz4010-1992,
    author = {Emptoz, Gérard},
    editor = {E. Barroso and E. Vaillant},
    title = {La formation en histoire des techniques},
    booktitle = {Colloque Mulhouse-Ungersheim, juin 1992, Musées et sociétés},
    publisher = {},
    location = {Mulhouse},
    year = 1992,
    pagetotal = {3},
    language = {français},
    keywords = {inproceedings-crh, crh-1992}
    }

@inproceedings{Froeschle4084-1992,
    author = {Froeschle-Chopard, Marie-Hélène},
    editor = {},
    title = {Confréries et iconographie du Rosaire en Provence orientale (XVII-XVIIIe siècles)},
    booktitle = {Actes du colloque de 1990, La vie religieuse dans la Provence méridionale à l'époque moderne},
    publisher = {},
    location = {Montpellier},
    year = 1992,
    pagetotal = {26},
    language = {français},
    keywords = {inproceedings-crh, crh-1992}
    }

@inproceedings{Froeschle4086-1992,
    author = {Froeschle-Chopard, Marie-Hélène},
    editor = {},
    title = {Le décor des églises, test du vandalisme révolutionnaire},
    booktitle = {Actes du colloque international de Clermont-Ferrand, 15-17 décembre 1988, Révolution française et vandalisme révolutionnaire},
    publisher = {},
    location = {Paris},
    year = 1992,
    pagetotal = {14},
    language = {français},
    keywords = {inproceedings-crh, crh-1992}
    }

@inproceedings{Jouhaud4208-1992,
    author = {Jouhaud, Christian},
    editor = {R. Duchêne and P. Ronzeaud},
    title = {Aristippe ou les équivoques de la publication, 1},
    booktitle = {Actes du 21e colloque du CNR 17, Marselle 19-23 juin 1991, Ordre et contestation au temps des classiques},
    publisher = {},
    location = {},
    year = 1992,
    pagetotal = {11},
    language = {français},
    keywords = {inproceedings-crh, crh-1992}
    }

@inproceedings{Klapisch4255-1992,
    author = {Klapisch-Zuber, Christiane},
    editor = {M. Aurell and O. Dumoulin and F. Thélamon},
    title = {Les noces florentines et leurs cuisiniers},
    booktitle = {Actes du colloque de Rouen, 14-17 novembre 1990, La sociabilité à Table. Commensalité et convivialité à travers les âges},
    publisher = {},
    location = {},
    year = 1992,
    pagetotal = {7},
    language = {français},
    keywords = {inproceedings-crh, crh-1992}
    }

@inproceedings{LeGoff4298-1992,
    author = {Le Goff, Jacques},
    editor = {},
    title = {Saint-Louis et la mer},
    booktitle = {Actes du colloque de Gênes, L'Uomo e il mare nella civiltà occidentale : da Ulisse a Cristoforo Colombo},
    publisher = {},
    location = {Gênes},
    year = 1992,
    pagetotal = {12},
    language = {français},
    keywords = {inproceedings-crh, crh-1992}
    }

@inproceedings{Lemay4309-1992,
    author = {Lemay, Edna},
    editor = {},
    title = {La part d'Emile dans la régénération de 1789},
    booktitle = {Colloque de Montmorency Rousseau, l'Emile et la Révolution},
    publisher = {},
    location = {Paris},
    year = 1992,
    pagetotal = {9},
    language = {français},
    keywords = {inproceedings-crh, crh-1992}
    }

@inproceedings{Schmitt4591-1992,
    author = {Schmitt, Jean-Claude},
    editor = {},
    title = {Saint-Bernard et son image},
    booktitle = {Colloque de Lyon-Cîteaux-Dijon, Bernard de Clairvaux. Histoire, mentalités, spiritualité},
    publisher = {},
    location = {Paris},
    year = 1992,
    pagetotal = {19},
    language = {français},
    keywords = {inproceedings-crh, crh-1992}
    }

@inproceedings{Vincent4725-1992,
    author = {Vincent, Bernard},
    editor = {},
    title = {Les morisques et l'économie},
    booktitle = {IV Simposio Internacional de Mudejarismo : Economia},
    publisher = {},
    location = {Teruel},
    year = 1992,
    pagetotal = {6},
    language = {français},
    keywords = {inproceedings-crh, crh-1992}
    }

@inproceedings{Baulant5646-1992,
    author = {Baulant, Micheline},
    editor = {R.Bonnain and G.Bouchard and J.Goy},
    title = {Niveau de vie des familles rurales dans la Bourgogne du XVIIIe siècle},
    booktitle = {Actes du colloque de Veyrier-du-Lac, 1991. Comment établir les enfants? La reproduction familiale en milieurural, France-Québec, XVIIIe-XXe siècles},
    publisher = {PUL},
    location = {Lyon},
    year = 1992,
    pagetotal = {},
    language = {français},
    keywords = {inproceedings-crh, crh-1992}
    }

@inreference{Ozouf4390-1992,
    author = {Ozouf, Mona},
    editor = {},
    title = {Le Saint-Just},
    booktitle = {Dictionnaire critique de la Révolution française, nouvelle édition},
    publisher = {Flammarion},
    series = {},
    location = {Paris},
    year = 1992,
    pagetotal = {22},
    language = {français},
    keywords = {dict-crh, crh-1992}
    }

@inreference{Ozouf4399-1992,
    author = {Ozouf-Marignier, Marie-Vic},
    editor = {A. Bailly and R. Ferras and D. Pumain},
    title = {Géographie et histoire},
    booktitle = {Encyclopédie de géographie},
    publisher = {},
    series = {},
    location = {},
    year = 1992,
    pagetotal = {15},
    language = {français},
    keywords = {dict-crh, crh-1992}
    }

@inreference{Revel4528-1992,
    author = {Revel, Jacques},
    editor = {F. Furet and M. Ozouf},
    title = {Monarchie absolue},
    booktitle = {Dictionnaire critique de la Révolution française, nouvelle édition},
    publisher = {Flammarion},
    series = {},
    location = {Paris},
    year = 1992,
    pagetotal = {22},
    language = {français},
    keywords = {dict-crh, crh-1992}
    }

@inreference{Revel4529-1992,
    author = {Revel, Jacques},
    editor = {F. Furet and M. Ozouf},
    title = {Idées},
    booktitle = {Dictionnaire critique de la Révolution française, nouvelle édition},
    publisher = {Flammarion},
    series = {},
    location = {Paris},
    year = 1992,
    pagetotal = {22},
    language = {français},
    keywords = {dict-crh, crh-1992}
    }

@inreference{Revel5663-1992,
    author = {Revel, Jacques},
    editor = {F. Furet and M. Ozouf},
    title = {Monarchie absolue},
    booktitle = {Dictionnaire critique de la Révolution française (2e édition)},
    publisher = {Flammarion},
    series = {},
    location = {Paris},
    year = 1992,
    pagetotal = {},
    language = {français},
    keywords = {dict-crh, crh-1992}
    }

@proceedings{Berlioz3700-1992,
    editor = {Berlioz, Jacques and M.-A. Polo de Beaulieu},
    editortype = {dir.},
    title = {Les exempla médiévaux. Introduction à la recherche, suivie des tables critiques de l'Index exemplorum de Fr. C. Tubach},
    booktitle = {Les exempla médiévaux. Introduction à la recherche, suivie des tables critiques de l'Index exemplorum de Fr. C. Tubach},
    publisher = {},
    location = {Carcassonne},
    year = 1992,
    pagetotal = {},
    language = {français},
    keywords = {proceedings-crh, crh-1992}
    }

@proceedings{Bonnain3724-1992,
    editor = {Bonnain, Rolande and J. Goy and G. Bouchard},
    editortype = {dir.},
    title = {Transmettre, hériter, succéder : la reproduction familiale en milieu rural France-Québec, XVIIIe-XXe siècles},
    booktitle = {Transmettre, hériter, succéder : la reproduction familiale en milieu rural France-Québec, XVIIIe-XXe siècles},
    publisher = {},
    location = {Lyon},
    year = 1992,
    pagetotal = {},
    language = {français},
    keywords = {proceedings-crh, crh-1992}
    }

@proceedings{Boureau3756-1992,
    editor = {Boureau, Alain and C.-S. Ingerflom},
    editortype = {dir.},
    title = {La royauté sacrée dans le monde chrétien},
    booktitle = {La royauté sacrée dans le monde chrétien},
    publisher = {},
    location = {Paris},
    year = 1992,
    pagetotal = {},
    language = {français},
    keywords = {proceedings-crh, crh-1992}
    }

@proceedings{Fridenson4067-1992,
    editor = {Fridenson, Patrick},
    editortype = {dir.},
    title = {The French Home Front 1914-1918},
    booktitle = {The French Home Front 1914-1918},
    publisher = {},
    location = {Providence-Oxford},
    year = 1992,
    pagetotal = {},
    language = {anglais},
    keywords = {proceedings-crh, crh-1992}
    }

@proceedings{Jorland4198-1992,
    editor = {Jorland, Gérard},
    editortype = {dir.},
    title = {Des technologies pour demain},
    booktitle = {Des technologies pour demain},
    publisher = {},
    location = {Paris},
    year = 1992,
    pagetotal = {},
    language = {français},
    keywords = {proceedings-crh, crh-1992}
    }

@proceedings{PoloDeBeaulieu4439-1992,
    editor = {Polo De Beaulieu, Marie-Anne and J. Berlioz},
    editortype = {dir.},
    title = {Les exempla médiévaux. Introduction à la recherche suivi des tables critiques de l'Index exemplorum de F.-C. Tubach},
    booktitle = {Les exempla médiévaux. Introduction à la recherche suivi des tables critiques de l'Index exemplorum de F.-C. Tubach},
    publisher = {},
    location = {Carcassonne},
    year = 1992,
    pagetotal = {},
    language = {français},
    keywords = {proceedings-crh, crh-1992}
    }

@proceedings{Pomian4473-1992,
    editor = {Pomian, Krzysztof and A.-F. Laurens},
    editortype = {dir.},
    title = {L'anticomanie. La collection d'antiquités aux 18e et 19e siècles},
    booktitle = {L'anticomanie. La collection d'antiquités aux 18e et 19e siècles},
    publisher = {},
    location = {Paris},
    year = 1992,
    pagetotal = {},
    language = {français},
    keywords = {proceedings-crh, crh-1992}
    }

@proceedings{Schnapper4619-1992,
    editor = {Schnapper, Dominique and B. Lewis},
    editortype = {dir.},
    title = {Musulmans en Europe},
    booktitle = {Musulmans en Europe},
    publisher = {},
    location = {Poitiers},
    year = 1992,
    pagetotal = {},
    language = {français},
    keywords = {proceedings-crh, crh-1992}
    }

@proceedings{Seitz4630-1992,
    editor = {Seitz, Frédéric},
    editortype = {dir.},
    title = {L'acier dans la construction},
    booktitle = {L'acier dans la construction},
    publisher = {},
    location = {Paris},
    year = 1992,
    pagetotal = {},
    language = {français},
    keywords = {proceedings-crh, crh-1992}
    }

@incollection{Berlioz79-1992,
    author = {Berlioz, Jacques},
    editor = {},
    title = {Le bourdon vole au sabbat},
    booktitle = {Recueil d'études et de documents en mémoire de Charles Joisten.  Le Monde alpin et rhodanien},
    publisher = {},
    location = {},
    year = 1992,
    pagetotal = {6},
    language = {français},
    keywords = {melanges-crh, crh-1992}
    }

@incollection{Alleaume3631-1992,
    author = {Alleaume, Ghislaine},
    editor = {},
    title = {Les systèmes hydrauliques de l'Egypte pré-moderne : essai d'histoire du paysage},
    booktitle = {Itinéraires d'Egypte. Mélanges offerts au père Maurice Martin s.j.},
    publisher = {},
    location = {},
    year = 1992,
    pagetotal = {22},
    language = {français},
    keywords = {melanges-crh, crh-1992}
    }

@incollection{Braunstein3796-1992,
    author = {Braunstein, Philippe},
    editor = {},
    title = {Hors du mariage, point de salut. Histoires de vie en Prusse avant la Réforme},
    booktitle = {Histoire et Société},
    publisher = {},
    location = {},
    year = 1992,
    pagetotal = {10},
    language = {français},
    keywords = {melanges-crh, crh-1992}
    }

@incollection{Klapisch4249-1992,
    author = {Klapisch-Zuber, Christiane},
    editor = {},
    title = {Au péril des commères. L'alliance spirituelle par les femmes à Florence},
    booktitle = {Femmes, Mariages, Lignages, XII-XIVe siècles.},
    publisher = {},
    location = {},
    year = 1992,
    pagetotal = {19},
    language = {français},
    keywords = {melanges-crh, crh-1992}
    }

@incollection{Klapisch4254-1992,
    author = {Klapisch-Zuber, Christiane},
    editor = {},
    title = {Les hors-la-loi de la famille. Rejets et exclusions de parenté à Florence au XIVe siècle},
    booktitle = {Pauvres et riches. Société et culture du Moyen-Age aux Temps Modernes},
    publisher = {},
    location = {Varsovie},
    year = 1992,
    pagetotal = {13},
    language = {français},
    keywords = {melanges-crh, crh-1992}
    }

@incollection{Mouradian4368-1992,
    author = {Mouradian, Claire and C. Urjewicz and C. Weill},
    editor = {},
    title = {Les étudiants du Caucase en Allemagne, 1900-1914},
    booktitle = {Russes, Slaves, Soviétiques : études d'histoire offertes à Roger Portal},
    publisher = {},
    location = {Paris},
    year = 1992,
    pagetotal = {24},
    language = {français},
    keywords = {melanges-crh, crh-1992}
    }

@incollection{Rucquoi4544-1992,
    author = {Rucquoi, Adeline},
    editor = {},
    title = {Le testament de dona Teresa Gil},
    booktitle = {Femmes, Mariages, Lignages, XIIe-XIVe siècles},
    publisher = {},
    location = {},
    year = 1992,
    pagetotal = {19},
    language = {français},
    keywords = {melanges-crh, crh-1992}
    }

@incollection{Schmitt4592-1992,
    author = {Schmitt, Jean-Claude},
    editor = {},
    title = {La question des images dans les débats entre juifs et chrétiens au XIIe siècle},
    booktitle = {Spannungen und Widersprüche. Gedenkenschrift für Frantisek Graus},
    publisher = {},
    location = {Sigmaringen},
    year = 1992,
    pagetotal = {10},
    language = {français},
    keywords = {melanges-crh, crh-1992}
    }

@incollection{Schmitt4594-1992,
    author = {Schmitt, Jean-Claude},
    editor = {},
    title = {La synagogue, la secte, l'Histoire et les Alpes},
    booktitle = {Etres fantastiques dans les Alpes},
    publisher = {},
    location = {},
    year = 1992,
    pagetotal = {3},
    language = {français},
    keywords = {melanges-crh, crh-1992}
    }

@incollection{Tenenti4681-1992,
    author = {Tenenti, Alberto},
    editor = {},
    title = {Proiezioni patrizie quattrocentesche alle soglie dell'ignoto},
    booktitle = {Studi veneti offerti a Gaetano Cozzi},
    publisher = {},
    location = {Venise},
    year = 1992,
    pagetotal = {12},
    language = {italien},
    keywords = {melanges-crh, crh-1992}
    }

@incollection{Bourguet711-1992,
    author = {Bourguet, Marie-Noëlle},
    editor = {M. Vovelle},
    title = {L'esploratore},
    booktitle = {L'Uomo dell'Illuminismo},
    publisher = {Laterza},
    location = {Bari},
    year = 1992,
    pagetotal = {69},
    language = {italien},
    keywords = {collectif-crh, crh-1992}
    }

@incollection{Berlioz860-1992,
    author = {Berlioz, Jacques},
    editor = {G. Brunel and E. Lalou},
    title = {'Superstitions' et Au-delà. VIe-XIVe siècles},
    booktitle = {Sources d'histoire médiévale, IXe-milieu du XIVe siècle},
    publisher = {},
    location = {Paris},
    year = 1992,
    pagetotal = {},
    language = {français},
    keywords = {collectif-crh, crh-1992}
    }

@incollection{Chartier861-1992,
    author = {Chartier, Roger},
    editor = {P. Nora},
    title = {La ligne Saint-Malo-Genève},
    booktitle = {Les lieux de mémoire, III: Les France},
    publisher = {Gallimard},
    location = {Paris},
    year = 1992,
    pagetotal = {},
    language = {français},
    keywords = {collectif-crh, crh-1992}
    }

@incollection{Hemardinquer874-1992,
    author = {Hemardinquer, Jean-Jacques},
    editor = {G. Martinière and C. Varella},
    title = {Le chassé-croisé des plantes alimentaires. La circulation des épices},
    booktitle = {L'Etat du monde en 1492},
    publisher = {},
    location = {Paris},
    year = 1992,
    pagetotal = {},
    language = {français},
    keywords = {collectif-crh, crh-1992}
    }

@incollection{Rucquoi885-1992,
    author = {Rucquoi, Adeline},
    editor = {?},
    title = {Les Wisigoths, fondement de la nation-Espagne},
    booktitle = {L'Europe, héritière de l'Espagne wisigothique},
    publisher = {},
    location = {Madrid},
    year = 1992,
    pagetotal = {},
    language = {français},
    keywords = {collectif-crh, crh-1992}
    }

@incollection{Andreau3647-1992,
    author = {Andreau, Jean},
    editor = {A. Giardina},
    title = {L'affranchi},
    booktitle = {L'homme romain},
    publisher = {},
    location = {Paris},
    year = 1992,
    pagetotal = {28},
    language = {français},
    keywords = {collectif-crh, crh-1992}
    }

@incollection{Andreau3648-1992,
    author = {Andreau, Jean},
    editor = {E. Frézouls},
    title = {Mobilité sociale et activités commerciales et financières},
    booktitle = {La mobilité sociale dans le monde romain},
    publisher = {},
    location = {Strasbourg},
    year = 1992,
    pagetotal = {12},
    language = {français},
    keywords = {collectif-crh, crh-1992}
    }

@incollection{Bergeron3687-1992,
    author = {Bergeron, Louis},
    editor = {M. Vovelle},
    title = {L'Uomo d'affari},
    booktitle = {L'Uomo dell'illuminismo},
    publisher = {},
    location = {Bari},
    year = 1992,
    pagetotal = {26},
    language = {italien},
    keywords = {collectif-crh, crh-1992}
    }

@incollection{Bergeron3688-1992,
    author = {Bergeron, Louis},
    editor = {P. Nora},
    title = {L'Age industriel},
    booktitle = {Les lieux de mémoire, III: Les France},
    publisher = {Gallimard},
    location = {Paris},
    year = 1992,
    pagetotal = {32},
    language = {français},
    keywords = {collectif-crh, crh-1992}
    }

@incollection{Bonnain3722-1992,
    author = {Bonnain, Rolande},
    editor = {?},
    title = {Aire d'attraction des marchés et constitution de l'identité locale},
    booktitle = {Le commerce des centres-villes},
    publisher = {},
    location = {Limoges},
    year = 1992,
    pagetotal = {7},
    language = {français},
    keywords = {collectif-crh, crh-1992}
    }

@incollection{Bonnain3725-1992,
    author = {Bonnain, Rolande},
    editor = {R.Bonnain and G.Bouchard and J.Goy},
    title = {Trajectoires professionnelles et trajectoires familiales. L'exemple des marchands de bestiaux (1866-1980)},
    booktitle = {Transmettre, hériter, succéder : La reproduction familial en milieu rural France-Québec},
    publisher = {},
    location = {Lyon},
    year = 1992,
    pagetotal = {20},
    language = {français},
    keywords = {collectif-crh, crh-1992}
    }

@incollection{Boureau3755-1992,
    author = {Boureau, Alain},
    editor = {W. Bannour and Ph. Berthier},
    title = {Hyménée philadelphe : le mariage égyptien entre frère et soeur et son oubli occidental},
    booktitle = {Eros philadelphe. Frère et soeur, passion secrète},
    publisher = {},
    location = {Paris},
    year = 1992,
    pagetotal = {21},
    language = {français},
    keywords = {collectif-crh, crh-1992}
    }

@incollection{Boureau3758-1992,
    author = {Boureau, Alain},
    editor = {P. Nora},
    title = {Le roi},
    booktitle = {Les lieux de mémoire, III: Les France},
    publisher = {Gallimard},
    location = {Paris},
    year = 1992,
    pagetotal = {34},
    language = {français},
    keywords = {collectif-crh, crh-1992}
    }

@incollection{Boureau3760-1992,
    author = {Boureau, Alain},
    editor = {M. Huglo and M. Pérès},
    title = {Jérôme de Moravie et la rationalité dominicaine du XIIIe siècle},
    booktitle = {Jérôme de Moravie, un théoricien de la musique dans le milieu intellectuel parisien du XIIIe siècle},
    publisher = {},
    location = {Paris},
    year = 1992,
    pagetotal = {11},
    language = {français},
    keywords = {collectif-crh, crh-1992}
    }

@incollection{Boureau3761-1992,
    author = {Boureau, Alain},
    editor = {P. Ganz},
    title = {Un épisode central dans la construction de la magie noire du livre; de la rivalité des exégèses à la crémation du Talmud (1144-1242)},
    booktitle = {Das Buch als magisches und als Repräsentationsobjekt},
    publisher = {},
    location = {Wolfenbüttel},
    year = 1992,
    pagetotal = {21},
    language = {français},
    keywords = {collectif-crh, crh-1992}
    }

@incollection{Boureau3763-1992,
    author = {Boureau, Alain},
    editor = {J. Berlioz and M.-A. Polo De Beaulieu},
    title = {Eudes de Cheriton et Bernardin de Sienne},
    booktitle = {Les Exempla médiévaux},
    publisher = {},
    location = {Carcassonne},
    year = 1992,
    pagetotal = {15},
    language = {français},
    keywords = {collectif-crh, crh-1992}
    }

@incollection{Braunstein3792-1992,
    author = {Braunstein, Philippe},
    editor = {?},
    title = {La communication dans le monde du travail à la fin du Moyen-Age},
    booktitle = {Kommunikation und Alltag im Spätmittelalter und Früher Neuzeit},
    publisher = {},
    location = {Vienne},
    year = 1992,
    pagetotal = {21},
    language = {français},
    keywords = {collectif-crh, crh-1992}
    }

@incollection{Burguiere3819-1992,
    author = {Burguiere, André},
    editor = {P. Nora},
    title = {La généalogie},
    booktitle = {Les lieux de mémoire, III: Les France},
    publisher = {Gallimard},
    location = {Paris},
    year = 1992,
    pagetotal = {32},
    language = {français},
    keywords = {collectif-crh, crh-1992}
    }

@incollection{Chartier3864-1992,
    author = {Chartier, Roger},
    editor = {M. Vovelle},
    title = {L'uomo di lettere},
    booktitle = {L'Uomo dell'Illuminismo},
    publisher = {},
    location = {Bari},
    year = 1992,
    pagetotal = {55},
    language = {italien},
    keywords = {collectif-crh, crh-1992}
    }

@incollection{Chartier3867-1992,
    author = {Chartier, Roger},
    editor = {L. Hunt},
    title = {Textos, impresao, leituras},
    booktitle = {A Nova Historia Cultural},
    publisher = {},
    location = {},
    year = 1992,
    pagetotal = {28},
    language = {portugais},
    keywords = {collectif-crh, crh-1992}
    }

@incollection{Chaussinand3897-1992,
    author = {Chaussinand-Nogaret, Guy},
    editor = {?},
    title = {La diaspora Jacobite},
    booktitle = {La cour des Stuarts à Saint-Germain-en-Laye},
    publisher = {},
    location = {},
    year = 1992,
    pagetotal = {4},
    language = {français},
    keywords = {collectif-crh, crh-1992}
    }

@incollection{Dakhlia3904-1992,
    author = {Dakhlia, Jocelyne},
    editor = {T. Paquot},
    title = {Anthropologie : la Méditerranée comparée},
    booktitle = {La bibliothèque des deux rives},
    publisher = {},
    location = {},
    year = 1992,
    pagetotal = {18},
    language = {français},
    keywords = {collectif-crh, crh-1992}
    }

@incollection{Delille3920-1992,
    author = {Delille, Gérard},
    editor = {?},
    title = {Démografia},
    booktitle = {Teoria del Mezzogiorno Aspetti e problemi del Medioevo e dell'età Moderna},
    publisher = {},
    location = {Naples},
    year = 1992,
    pagetotal = {32},
    language = {italien},
    keywords = {collectif-crh, crh-1992}
    }

@incollection{Delille3921-1992,
    author = {Delille, Gérard},
    editor = {?},
    title = {Massari et Braccianti},
    booktitle = {L' Italie des XVIe-XVIIe siècles, La famiglia ieri e oggi. Trasformazioni demografiche e sociali dal XV al XX secolo,},
    publisher = {},
    location = {Bari},
    year = 1992,
    pagetotal = {23},
    language = {italien},
    keywords = {collectif-crh, crh-1992}
    }

@incollection{Derouet3959-1992,
    author = {Derouet, Bernard and J.Goy},
    editor = {R. Bonnain and G. Bouchard and J. Goy},
    title = {La succession et l'héritage masculin en Franche-Comté : histoire et logiques d'une mutation},
    booktitle = {Transmettre, hériter, succéder : la reproduction familiale en milieu rural France-Québec, XVIIIe-XXe siècles},
    publisher = {},
    location = {Lyon},
    year = 1992,
    pagetotal = {21},
    language = {français},
    keywords = {collectif-crh, crh-1992}
    }

@incollection{Desaive3963-1992,
    author = {Desaive, Jean-Paul},
    editor = {R. Bonnain and G. Bouchard and J. Goy},
    title = {Genèse du patrimoine et superficie de l'exploitation : l'apport des inventaires successoraux du XVIIIe siècle en Basse-Bourgogne rurale},
    booktitle = {Transmettre, hériter, succéder : la reproduction familiale en milieu rural France-Québec, XVIIIe-XXe siècles},
    publisher = {},
    location = {},
    year = 1992,
    pagetotal = {9},
    language = {français},
    keywords = {collectif-crh, crh-1992}
    }

@incollection{Dewerpe3982-1992,
    author = {Dewerpe, Alain},
    editor = {L. Bergeron},
    title = {La croissance industrielle de l'Italie du nord au XIXe siècle : espace d'industrialisation et fait régional},
    booktitle = {La croissance régionale dans l'Europe méditerranéenne, XVIIIe-XXe siècles},
    publisher = {},
    location = {},
    year = 1992,
    pagetotal = {7},
    language = {français},
    keywords = {collectif-crh, crh-1992}
    }

@incollection{Duchesne3988-1992,
    author = {Duchesne, Annie},
    editor = {?},
    title = {Sources et documents sur l'histoire du tabac, du thé, du café, du chocolat et des plantes médicinales sous l'Ancien Régime},
    booktitle = {Penser la drogue, penser les drogues},
    publisher = {},
    location = {Paris},
    year = 1992,
    pagetotal = {34},
    language = {français},
    keywords = {collectif-crh, crh-1992}
    }

@incollection{Farge4013-1992,
    author = {Farge, Arlette},
    editor = {L. Giard},
    title = {Un récit violent : surveiller et punir},
    booktitle = {Michel Foucault, Lire l'oeuvre},
    publisher = {},
    location = {},
    year = 1992,
    pagetotal = {9},
    language = {français},
    keywords = {collectif-crh, crh-1992}
    }

@incollection{Farge4014-1992,
    author = {Farge, Arlette},
    editor = {?},
    title = {Michel Foucault et les archives de l'exclusion},
    booktitle = {Penser la folie, Essais sur Michel Foucault},
    publisher = {},
    location = {Paris},
    year = 1992,
    pagetotal = {16},
    language = {français},
    keywords = {collectif-crh, crh-1992}
    }

@incollection{Fauve4023-1992,
    author = {Fauve-Chamoux, Antoinette},
    editor = {C. Kuklo},
    title = {Taille différentielle des ménages et niveau de vie : les différences villes-campagnes en France préindustrielle},
    booktitle = {Les modèles familiaux en Europe aux XVIe-XVIIIe siècles},
    publisher = {},
    location = {},
    year = 1992,
    pagetotal = {10},
    language = {français},
    keywords = {collectif-crh, crh-1992}
    }

@incollection{Fauve4024-1992,
    author = {Fauve-Chamoux, Antoinette},
    editor = {G. Da Molin},
    title = {Tendances actuelles autour de l'histoire de la famille en France},
    booktitle = {La Famiglia ieri e oggi},
    publisher = {},
    location = {},
    year = 1992,
    pagetotal = {16},
    language = {français},
    keywords = {collectif-crh, crh-1992}
    }

@incollection{Fauve4026-1992,
    author = {Fauve-Chamoux, Antoinette and J. Dupâquier},
    editor = {?},
    title = {La famille est-elle une valeur de droite ?},
    booktitle = {Histoire des droites},
    publisher = {},
    location = {Paris},
    year = 1992,
    pagetotal = {34},
    language = {français},
    keywords = {collectif-crh, crh-1992}
    }

@incollection{Fauve4027-1992,
    author = {Fauve-Chamoux, Antoinette},
    editor = {R. Bonnain and G. Bouchard and J. Goy},
    title = {Mobilité féminine et population urbaine à la fin de l'Ancien Régime : un essai de typologie},
    booktitle = {Transmettre, hériter, succéder : La reproduction familiale en milieu rural, France-Québec, XVIIIe-XXe siècles},
    publisher = {},
    location = {},
    year = 1992,
    pagetotal = {25},
    language = {français},
    keywords = {collectif-crh, crh-1992}
    }

@incollection{Ferro4039-1992,
    author = {Ferro, Marc},
    editor = {B. Fleury-Vilatte},
    title = {L'information télévisuelle aujourd'hui},
    booktitle = {Les médias et la Guerre du Golfe},
    publisher = {},
    location = {},
    year = 1992,
    pagetotal = {11},
    language = {français},
    keywords = {collectif-crh, crh-1992}
    }

@incollection{Fridenson4065-1992,
    author = {Fridenson, Patrick},
    editor = {A. Fourcaut},
    title = {Les usines Renault et la banlieue (1919-1952)},
    booktitle = {Banlieue rouge 1920-1960},
    publisher = {},
    location = {},
    year = 1992,
    pagetotal = {16},
    language = {français},
    keywords = {collectif-crh, crh-1992}
    }

@incollection{Froeschle4085-1992,
    author = {Froeschle-Chopard, Marie-Hélène},
    editor = {?},
    title = {Confréries de dévotion et protection sociale au XVIIe siècle},
    booktitle = {De la charité médiévale à la sécurité sociale},
    publisher = {},
    location = {Paris},
    year = 1992,
    pagetotal = {10},
    language = {français},
    keywords = {collectif-crh, crh-1992}
    }

@incollection{Gasnault4088-1992,
    author = {Gasnault, Marie-Claire},
    editor = {J. Berlioz and M.-A. Polo De Beaulieu},
    title = {Collaboration},
    booktitle = {Les Exempla médiévaux. Introduction à la recherche, suivie des tables critiques de l'Index exemplorum de Frédéric C. Tubach},
    publisher = {},
    location = {Carcassonne},
    year = 1992,
    pagetotal = {},
    language = {français},
    keywords = {collectif-crh, crh-1992}
    }

@incollection{Goubert4112-1992,
    author = {Goubert, Jean-Pierre},
    editor = {A. Lefay},
    title = {Le corps et la douleur au temps de la Révolution. Le point de vue des patients},
    booktitle = {La douleur. Approches pluridisciplinaires},
    publisher = {},
    location = {},
    year = 1992,
    pagetotal = {20},
    language = {français},
    keywords = {collectif-crh, crh-1992}
    }

@incollection{Goy4120-1992,
    author = {Goy, Joseph and B.Derouet},
    editor = {R. Bonnain and G. Bouchard and J. Goy},
    title = {La succession et l'héritage masculins en Franche-Comté : histoire et logiques d'une mutation},
    booktitle = {Transmettre, hériter, succéder},
    publisher = {},
    location = {Lyon},
    year = 1992,
    pagetotal = {21},
    language = {français},
    keywords = {collectif-crh, crh-1992}
    }

@incollection{Green4130-1992,
    author = {Green, Nancy},
    editor = {D. Ward and O. Zunz},
    title = {Sweatshop Migrations : The Garment Industry between Home and Shop},
    booktitle = {The Landscape of Modernity},
    publisher = {},
    location = {},
    year = 1992,
    pagetotal = {20},
    language = {anglais},
    keywords = {collectif-crh, crh-1992}
    }

@incollection{Guerreau4167-1992,
    author = {Guerreau, Alain},
    editor = {G. Lambert and B. Maurice},
    title = {Le pont sur la Saône à Mâcon},
    booktitle = {Les veines du temps. Lectures du bois en Bourgogne},
    publisher = {},
    location = {},
    year = 1992,
    pagetotal = {14},
    language = {français},
    keywords = {collectif-crh, crh-1992}
    }

@incollection{Guery4175-1992,
    author = {Guery, Alain},
    editor = {A. Boureau and C.-S. Ingerflom},
    title = {La dualité de toutes les monarchies et la monarchie chrétienne},
    booktitle = {La Royauté sacrée dans le monde chrétien},
    publisher = {},
    location = {},
    year = 1992,
    pagetotal = {13},
    language = {français},
    keywords = {collectif-crh, crh-1992}
    }

@incollection{Guery4176-1992,
    author = {Guery, Alain},
    editor = {P. Nora},
    title = {L'Etat, l'outil du bien commun},
    booktitle = {Les lieux de mémoire, III: Les France},
    publisher = {Gallimard},
    location = {Paris},
    year = 1992,
    pagetotal = {40},
    language = {français},
    keywords = {collectif-crh, crh-1992}
    }

@incollection{Julia4221-1992,
    author = {Julia, Dominique},
    editor = {M. Vovelle},
    title = {Il prete},
    booktitle = {L'Uomo dell'illuminismo},
    publisher = {},
    location = {},
    year = 1992,
    pagetotal = {45},
    language = {italien},
    keywords = {collectif-crh, crh-1992}
    }

@incollection{Julia4222-1992,
    author = {Julia, Dominique},
    editor = {?},
    title = {I documenti della scrittura infantile in Francia},
    booktitle = {Materiali di lavoro, n°2-3, La scrittura bambina. Interventi e ricerche sulle pratiche di scrittura dell'infanzia e dell'adolescenza},
    publisher = {},
    location = {},
    year = 1992,
    pagetotal = {16},
    language = {italien},
    keywords = {collectif-crh, crh-1992}
    }

@incollection{Julliard4238-1992,
    author = {Julliard, Jacques},
    editor = {P. Nora},
    title = {Le Peuple},
    booktitle = {Les lieux de mémoire, III: Les France},
    publisher = {Gallimard},
    location = {Paris},
    year = 1992,
    pagetotal = {45},
    language = {français},
    keywords = {collectif-crh, crh-1992}
    }

@incollection{Klapisch4252-1992,
    author = {Klapisch-Zuber, Christiane},
    editor = {E. Castelnuovo},
    title = {Statua depicta, facies ficta. Il colore delle statue e il belletto delle donne},
    booktitle = {Niveo de marmore. L'uso artistico del marmo di Carrara dall'XI al XV secolo},
    publisher = {},
    location = {Genève},
    year = 1992,
    pagetotal = {6},
    language = {italien},
    keywords = {collectif-crh, crh-1992}
    }

@incollection{LeGoff4297-1992,
    author = {Le Goff, Jacques},
    editor = {A. Boureau and C.-S. Ingerflom},
    title = {Aspects religieux et sacrés de la monarchie française du Xe au XIIIe siècles},
    booktitle = {La royauté du sacré dans le monde chrétien},
    publisher = {},
    location = {},
    year = 1992,
    pagetotal = {10},
    language = {français},
    keywords = {collectif-crh, crh-1992}
    }

@incollection{Lemay4310-1992,
    author = {Lemay, Edna},
    editor = {?},
    title = {Rupture, continuité ou promotion : un coup d'oeil sur la carrière post-révolutionnaire des anciens députés constituants},
    booktitle = {Histoire politique pendant la Révolution française},
    publisher = {},
    location = {Paris},
    year = 1992,
    pagetotal = {9},
    language = {français},
    keywords = {collectif-crh, crh-1992}
    }

@incollection{Lemay4311-1992,
    author = {Lemay, Edna},
    editor = {?},
    title = {La vision du roi dans la correspondance de Delaville-Leroux, député de Lorient à l'Assemblée constituante},
    booktitle = {Saint-Denis ou le jugement dernier des rois},
    publisher = {},
    location = {La Garenne-Colombe},
    year = 1992,
    pagetotal = {10},
    language = {français},
    keywords = {collectif-crh, crh-1992}
    }

@incollection{Lepetit4325-1992,
    author = {Lepetit, Bernard},
    editor = {L. Bergeron},
    title = {Deux siècles de croissance régionale en France, regards sur l'historiographie},
    booktitle = {La croissance régionale dans l'Europe méditerranéenne, 18e-20e siècles},
    publisher = {},
    location = {},
    year = 1992,
    pagetotal = {22},
    language = {français},
    keywords = {collectif-crh, crh-1992}
    }

@incollection{Mane4356-1992,
    author = {Mane, Perrine and F. Piponnier},
    editor = {Harry Kühnel},
    title = {Entre vie quotidienne et liturgie : le vêtement ecclésiastique à la fin du Moyen-Age},
    booktitle = {Symbole des Alltags, Alltags der Symbole},
    publisher = {},
    location = {},
    year = 1992,
    pagetotal = {27},
    language = {français},
    keywords = {collectif-crh, crh-1992}
    }

@incollection{Motte4366-1992,
    author = {Motte, Claude},
    editor = {J. Dupâquier and D. Kessler},
    title = {La binette, l'aiguille et le plumeau : les mondes du travail féminin},
    booktitle = {La Société française au XIXe siècle. Tradition, transition, transformations},
    publisher = {},
    location = {},
    year = 1992,
    pagetotal = {106},
    language = {français},
    keywords = {collectif-crh, crh-1992}
    }

@incollection{Netter4378-1992,
    author = {Netter, Marie-Laurence},
    editor = {M. Mengoli},
    title = {De L.-S. Mercier à Pixérécourt : le mélodrame nécessaire},
    booktitle = {Il Melodrammatico},
    publisher = {},
    location = {},
    year = 1992,
    pagetotal = {},
    language = {français},
    keywords = {collectif-crh, crh-1992}
    }

@incollection{Ormieres4383-1992,
    author = {Ormieres, Jean-Louis},
    editor = {P. Nora},
    title = {Les rouges et les blancs},
    booktitle = {Les lieux de mémoire, III: Les France},
    publisher = {Gallimard},
    location = {Paris},
    year = 1992,
    pagetotal = {43},
    language = {français},
    keywords = {collectif-crh, crh-1992}
    }

@incollection{Ozouf4392-1992,
    author = {Ozouf, Mona},
    editor = {P.Nora},
    title = {Liberté, égalité, fraternité, la devise républicaine},
    booktitle = {Les lieux de mémoire, III: Les France},
    publisher = {Gallimard},
    location = {Paris},
    year = 1992,
    pagetotal = {48},
    language = {français},
    keywords = {collectif-crh, crh-1992}
    }

@incollection{Ozouf4397-1992,
    author = {Ozouf-Marignier, Marie-Vic},
    editor = {M.-C. Robic},
    title = {La division du territoire : limites naturelles et limites politiques},
    booktitle = {La nature en révolution, (1750-1800)},
    publisher = {},
    location = {},
    year = 1992,
    pagetotal = {8},
    language = {français},
    keywords = {collectif-crh, crh-1992}
    }

@incollection{Ozouf4398-1992,
    author = {Ozouf-Marignier, Marie-Vic},
    editor = {?},
    title = {L'environnement vu par des notables locaux à la fin du XVIIIe siècle},
    booktitle = {Du milieu à l'environnement. Pratiques et représentations du rapport homme/nature depuis la Renaissance},
    publisher = {},
    location = {Paris},
    year = 1992,
    pagetotal = {32},
    language = {français},
    keywords = {collectif-crh, crh-1992}
    }

@incollection{Pesez4409-1992,
    author = {Pesez, Jean-Marie},
    editor = {?},
    title = {Histoire et archéologie médiévales},
    booktitle = {Historiens et archéologues},
    publisher = {},
    location = {Berne},
    year = 1992,
    pagetotal = {18},
    language = {français},
    keywords = {collectif-crh, crh-1992}
    }

@incollection{Pesez4410-1992,
    author = {Pesez, Jean-Marie},
    editor = {?},
    title = {Les naissances du village : position de la question},
    booktitle = {Le roi de France et son royaume autour de l'an mil},
    publisher = {},
    location = {Paris},
    year = 1992,
    pagetotal = {2},
    language = {français},
    keywords = {collectif-crh, crh-1992}
    }

@incollection{Pesez4412-1992,
    author = {Pesez, Jean-Marie},
    editor = {?},
    title = {Archéologie et stratification culturelle en Italie méridionale},
    booktitle = {Castrum 4. Frontière et peuplement dans le monde méditerranéen au Moyen-Age},
    publisher = {},
    location = {Rome/Madrid},
    year = 1992,
    pagetotal = {5},
    language = {français},
    keywords = {collectif-crh, crh-1992}
    }

@incollection{Pesez4414-1992,
    author = {Pesez, Jean-Marie},
    editor = {?},
    title = {Archéologie de la maison paysanne},
    booktitle = {Villages et villageois au Moyen-Age},
    publisher = {},
    location = {Paris},
    year = 1992,
    pagetotal = {12},
    language = {français},
    keywords = {collectif-crh, crh-1992}
    }

@incollection{Piponnier4418-1992,
    author = {Piponnier, Françoise and P. Mane},
    editor = {Harry Kühnel},
    title = {Entre vie quotidienne et liturgie : le vêtement ecclésiastique à la fin du Moyen-Age},
    booktitle = {Symbole des Alltags - Alltag der Symbole},
    publisher = {},
    location = {},
    year = 1992,
    pagetotal = {27},
    language = {français},
    keywords = {collectif-crh, crh-1992}
    }

@incollection{Piponnier4419-1992,
    author = {Piponnier, Françoise},
    editor = {?},
    title = {Forteresses ou résidences ? Les châteaux comtaux du Forez d'après l'Armorial de Revel},
    booktitle = {Le château médiéval forteresse habitée XIe-XVIe siècles},
    publisher = {},
    location = {Paris},
    year = 1992,
    pagetotal = {11},
    language = {français},
    keywords = {collectif-crh, crh-1992}
    }

@incollection{Piponnier4421-1992,
    author = {Piponnier, Françoise},
    editor = {?},
    title = {Boutiques et commerces à Dijon d'après les inventaires mobiliers (XIVe-XVe siècles)},
    booktitle = {Le marchand au Moyen-Age},
    publisher = {},
    location = {Paris},
    year = 1992,
    pagetotal = {9},
    language = {français},
    keywords = {collectif-crh, crh-1992}
    }

@incollection{Pomian4475-1992,
    author = {Pomian, Krzysztof},
    editor = {L. Bertrand Dorléac},
    title = {L'art entre le musée et le marché},
    booktitle = {Le commerce de l'art de la Renaissance à nos jours},
    publisher = {},
    location = {},
    year = 1992,
    pagetotal = {25},
    language = {français},
    keywords = {collectif-crh, crh-1992}
    }

@incollection{Pomian4478-1992,
    author = {Pomian, Krzysztof},
    editor = {M. Archetti},
    title = {Tempo, letteratura e autonomia dei segni},
    booktitle = {Ordine ritmo misura. Le rappresentazioni culturali del tempo},
    publisher = {},
    location = {Bergame},
    year = 1992,
    pagetotal = {15},
    language = {italien},
    keywords = {collectif-crh, crh-1992}
    }

@incollection{Pomian4481-1992,
    author = {Pomian, Krzysztof},
    editor = {P. Nora},
    title = {Francs et Gaulois},
    booktitle = {Les lieux de mémoire, III: Les France},
    publisher = {Gallimard},
    location = {Paris},
    year = 1992,
    pagetotal = {65},
    language = {français},
    keywords = {collectif-crh, crh-1992}
    }

@incollection{Pomian4482-1992,
    author = {Pomian, Krzysztof},
    editor = {P.Nora},
    title = {Les Archives},
    booktitle = {Les lieux de mémoire, III: Les France},
    publisher = {Gallimard},
    location = {Paris},
    year = 1992,
    pagetotal = {71},
    language = {français},
    keywords = {collectif-crh, crh-1992}
    }

@incollection{Pomian4486-1992,
    author = {Pomian, Krzysztof},
    editor = {P. Den Boer and W. Frijhoff},
    title = {Nations et religions : l'Occident, L'Europe centrale, l'Europe de l'Est},
    booktitle = {Lieux de mémoire et identités nationales},
    publisher = {},
    location = {},
    year = 1992,
    pagetotal = {14},
    language = {français},
    keywords = {collectif-crh, crh-1992}
    }

@incollection{Rebaudo4514-1992,
    author = {Rebaudo, Danièle},
    editor = {J. Dupâquier and D. Kessler},
    title = {Filles-mères et enfants naturels : vingt-cinq ans après, que sont-ils devenus ?},
    booktitle = {La société française au XIXe siècle. Tradition, transition, transformations},
    publisher = {},
    location = {},
    year = 1992,
    pagetotal = {20},
    language = {français},
    keywords = {collectif-crh, crh-1992}
    }

@incollection{Revel4524-1992,
    author = {Revel, Jacques},
    editor = {A. Boureau and C.-S. Ingerflom},
    title = {La royauté sacrée : éléments pour un débat},
    booktitle = {La Royauté sacrée dans le monde chrétien},
    publisher = {},
    location = {},
    year = 1992,
    pagetotal = {11},
    language = {français},
    keywords = {collectif-crh, crh-1992}
    }

@incollection{Revel4525-1992,
    author = {Revel, Jacques},
    editor = {L. Giard},
    title = {Naissance de la clinique : le moment historiographique},
    booktitle = {Foucault : lire l'oeuvre},
    publisher = {},
    location = {},
    year = 1992,
    pagetotal = {14},
    language = {français},
    keywords = {collectif-crh, crh-1992}
    }

@incollection{Revel4526-1992,
    author = {Revel, Jacques},
    editor = {P. Nora},
    title = {La Cour},
    booktitle = {Les lieux de mémoire, III: Les France},
    publisher = {Gallimard},
    location = {Paris},
    year = 1992,
    pagetotal = {66},
    language = {français},
    keywords = {collectif-crh, crh-1992}
    }

@incollection{Revel4527-1992,
    author = {Revel, Jacques},
    editor = {P. Nora},
    title = {La Région},
    booktitle = {Les lieux de mémoire, III: Les France},
    publisher = {Gallimard},
    location = {Paris},
    year = 1992,
    pagetotal = {34},
    language = {français},
    keywords = {collectif-crh, crh-1992}
    }

@incollection{Ribaucourt4535-1992,
    author = {Ribaucourt, Colette},
    editor = {J. Berlioz and M.-A. Polo De Beaulieu},
    title = {Le Speculum laïcorum Alphabet of Tales},
    booktitle = {Les Exempla médiévaux. Introduction à la recherche, suivie des tables critiques de l'Index exemplorum de F.-C. Tubach},
    publisher = {},
    location = {Carcassonne},
    year = 1992,
    pagetotal = {13},
    language = {français},
    keywords = {collectif-crh, crh-1992}
    }

@incollection{Ribaucourt4536-1992,
    author = {Ribaucourt, Colette},
    editor = {J. Berlioz and M.-A. Polo De Beaulieu},
    title = {Recull de eximplis},
    booktitle = {Les Exempla médiévaux. Introduction à la recherche, suivie des tables critiques de l'Index exemplorum de F.-C. Tubach},
    publisher = {},
    location = {Carcassonne},
    year = 1992,
    pagetotal = {17},
    language = {français},
    keywords = {collectif-crh, crh-1992}
    }

@incollection{Sarget4556-1992,
    author = {Sarget, Marie-Noelle},
    editor = {B.-H. Benathy and R.-R. Delgado},
    title = {Systèmic Analysis and its Use in Political Sociology},
    booktitle = {International Systems Science Handbook},
    publisher = {},
    location = {},
    year = 1992,
    pagetotal = {8},
    language = {anglais},
    keywords = {collectif-crh, crh-1992}
    }

@incollection{Scherrer4567-1992,
    author = {Scherrer, Jutta},
    editor = {?},
    title = {Social-demokraticeskaja intelligencija i rabocie},
    booktitle = {Reformy ili revoljucija. Rossija 1861-1917},
    publisher = {},
    location = {Saint-Petersbourg},
    year = 1992,
    pagetotal = {11},
    language = {russe},
    keywords = {collectif-crh, crh-1992}
    }

@incollection{Scherrer4569-1992,
    author = {Scherrer, Jutta},
    editor = {E. Müller and F.-J. Klehr},
    title = {Die utopische Rückkehr in eine heile Welt der Vergangenheit},
    booktitle = {Russische religiöse Philosophie},
    publisher = {},
    location = {},
    year = 1992,
    pagetotal = {12},
    language = {allemand},
    keywords = {collectif-crh, crh-1992}
    }

@incollection{Schmitt4589-1992,
    author = {Schmitt, Jean-Claude},
    editor = {F. Poyatos},
    title = {The Rational of Gestures in the West : A History from the 3rd to the 13th Centuries},
    booktitle = {Advances in Nonverbal Communication},
    publisher = {},
    location = {},
    year = 1992,
    pagetotal = {19},
    language = {anglais},
    keywords = {collectif-crh, crh-1992}
    }

@incollection{Schmitt4596-1992,
    author = {Schmitt, Jean-Claude},
    editor = {J.-C. Schmitt.},
    title = {Traitements informatiques et iconographie},
    booktitle = {Le Médiéviste et l'Ordinateur},
    publisher = {},
    location = {},
    year = 1992,
    pagetotal = {},
    language = {français},
    keywords = {collectif-crh, crh-1992}
    }

@incollection{Seitz4631-1992,
    author = {Seitz, Frédéric},
    editor = {?},
    title = {Les ponts et viaducs mobilisables},
    booktitle = {Ponti smontabili per l'emergenza},
    publisher = {},
    location = {Turin},
    year = 1992,
    pagetotal = {3},
    language = {français},
    keywords = {collectif-crh, crh-1992}
    }

@incollection{Sigaut4644-1992,
    author = {Sigaut, François},
    editor = {P. Anderson},
    title = {Rendements, semis et fertilité : signification analytique des rendements},
    booktitle = {Préhistoire de l'agriculture, Nouvelles approches expérimentales et ethnographiques},
    publisher = {},
    location = {},
    year = 1992,
    pagetotal = {9},
    language = {français},
    keywords = {collectif-crh, crh-1992}
    }

@incollection{Sigaut4645-1992,
    author = {Sigaut, François},
    editor = {M. Augé},
    title = {La culture technique et les écomusées},
    booktitle = {Territoires de la mémoire},
    publisher = {},
    location = {},
    year = 1992,
    pagetotal = {19},
    language = {français},
    keywords = {collectif-crh, crh-1992}
    }

@incollection{Sigaut4648-1992,
    author = {Sigaut, François},
    editor = {A. Corvol},
    title = {Incendies de forêts, administrations et opinion publique},
    booktitle = {Le feu à la maison, par les bois et dans les champs},
    publisher = {},
    location = {},
    year = 1992,
    pagetotal = {4},
    language = {français},
    keywords = {collectif-crh, crh-1992}
    }

@incollection{Sigaut4649-1992,
    author = {Sigaut, François},
    editor = {C. Papa},
    title = {I pani possibili},
    booktitle = {Il pane, Antropologia e storia dell'alimentazione},
    publisher = {},
    location = {},
    year = 1992,
    pagetotal = {12},
    language = {italien},
    keywords = {collectif-crh, crh-1992}
    }

@incollection{Tenenti4674-1992,
    author = {Tenenti, Alberto},
    editor = {?},
    title = {La descrizione utopica},
    booktitle = {Pauvres et riches. Société et culture du Moyen-Age aux temps modernes},
    publisher = {},
    location = {Varsovie},
    year = 1992,
    pagetotal = {9},
    language = {italien},
    keywords = {collectif-crh, crh-1992}
    }

@incollection{Tenenti4675-1992,
    author = {Tenenti, Alberto},
    editor = {?},
    title = {La formation de l'image de Soliman à Venise (1520-1530 env.)},
    booktitle = {Soliman le Magnifique et son temps},
    publisher = {},
    location = {Paris},
    year = 1992,
    pagetotal = {11},
    language = {français},
    keywords = {collectif-crh, crh-1992}
    }

@incollection{Tenenti4679-1992,
    author = {Tenenti, Alberto},
    editor = {?},
    title = {Ignace, Calvin et l'humanisme},
    booktitle = {Ignacio de Loyola y su tiempo},
    publisher = {},
    location = {Bilbao},
    year = 1992,
    pagetotal = {13},
    language = {français},
    keywords = {collectif-crh, crh-1992}
    }

@incollection{Tenenti4680-1992,
    author = {Tenenti, Alberto},
    editor = {?},
    title = {Dalla ragion di Stato di Machiavelli a quella di Botero},
    booktitle = {Botero e la ragion di Stato},
    publisher = {},
    location = {Florence},
    year = 1992,
    pagetotal = {11},
    language = {italien},
    keywords = {collectif-crh, crh-1992}
    }

@incollection{Tenenti4682-1992,
    author = {Tenenti, Alberto},
    editor = {?},
    title = {Committenza e mecenatismo nell'edilizia : Firenze, Urbino, Mantova (1430-1530)},
    booktitle = {Miasto, Region, Spoleczenztwo},
    publisher = {},
    location = {Bialystok},
    year = 1992,
    pagetotal = {13},
    language = {italien},
    keywords = {collectif-crh, crh-1992}
    }

@incollection{Vincent4719-1992,
    author = {Vincent, Bernard},
    editor = {J.-A. Gonzalez Aleantud and M. Gonzalez De Molina},
    title = {La Sierra tiembla en Andalucia : estudio historico (siglos X-XIX)},
    booktitle = {La sierra, mitos, ritos y realidades},
    publisher = {},
    location = {},
    year = 1992,
    pagetotal = {12},
    language = {espagnol},
    keywords = {collectif-crh, crh-1992}
    }

@incollection{Vincent4720-1992,
    author = {Vincent, Bernard},
    editor = {B. Lavallé},
    title = {Les marginalités sévillanes au XVIe siècle},
    booktitle = {vingt siècles d'Histoire},
    publisher = {},
    location = {},
    year = 1992,
    pagetotal = {12},
    language = {français},
    keywords = {collectif-crh, crh-1992}
    }

@incollection{Vincent4721-1992,
    author = {Vincent, Bernard},
    editor = {?},
    title = {Les morisques grenadins, une frontière intérieure ?},
    booktitle = {Castrum 4, Frontière et peuplement dans le monde méditerranéen au Moyen-Age},
    publisher = {},
    location = {Rome/Madrid},
    year = 1992,
    pagetotal = {18},
    language = {français},
    keywords = {collectif-crh, crh-1992}
    }

@incollection{Vincent4722-1992,
    author = {Vincent, Bernard},
    editor = {J. Duby and M. Perrot},
    title = {Las mujeres moriscas},
    booktitle = {Historia de la mujeres},
    publisher = {},
    location = {},
    year = 1992,
    pagetotal = {11},
    language = {espagnol},
    keywords = {collectif-crh, crh-1992}
    }

@incollection{Vincent4724-1992,
    author = {Vincent, Bernard},
    editor = {A.-J. Cruz and M.-E. Perry},
    title = {The Moriscos and Circumcision},
    booktitle = {Cultural and Control in Counter. Reformation Spain},
    publisher = {},
    location = {},
    year = 1992,
    pagetotal = {15},
    language = {espagnol},
    keywords = {collectif-crh, crh-1992}
    }

@incollection{Vouloir4731-1992,
    author = {Vouloir, Marie-Christine},
    editor = {J. Dupâquier and D. Kessler},
    title = {Immigration et mariages mixtes},
    booktitle = {La société française au XIXe siècle},
    publisher = {},
    location = {},
    year = 1992,
    pagetotal = {22},
    language = {français},
    keywords = {collectif-crh, crh-1992}
    }

@incollection{Nora5724-1992,
    author = {Nora, Pierre},
    editor = {P.Nora},
    title = {Comment écrire l'histoire de France?},
    booktitle = {Les lieux de mémoire, III: Les France},
    publisher = {Gallimard},
    location = {Paris},
    year = 1992,
    pagetotal = {24},
    language = {français},
    keywords = {collectif-crh, crh-1992}
    }

@incollection{Nora5725-1992,
    author = {Nora, Pierre},
    editor = {P.Nora},
    title = {Gaullistes et communistes},
    booktitle = {Les lieux de mémoire, III: Les France},
    publisher = {Gallimard},
    location = {Paris},
    year = 1992,
    pagetotal = {48},
    language = {français},
    keywords = {collectif-crh, crh-1992}
    }

@incollection{Nora5726-1992,
    author = {Nora, Pierre},
    editor = {P.Nora},
    title = {La génération},
    booktitle = {Les lieux de mémoire, III: Les France},
    publisher = {Gallimard},
    location = {Paris},
    year = 1992,
    pagetotal = {41},
    language = {français},
    keywords = {collectif-crh, crh-1992}
    }

@incollection{Nora5727-1992,
    author = {Nora, Pierre},
    editor = {P.Nora},
    title = {L'ère de la commémoration},
    booktitle = {Les lieux de mémoire, III: Les France},
    publisher = {Gallimard},
    location = {Paris},
    year = 1992,
    pagetotal = {37},
    language = {français},
    keywords = {collectif-crh, crh-1992}
    }

@incollection{Pesez4413-1992,
    author = {Pesez, Jean-Marie},
    editor = {J.-M. Poisson},
    title = {Conclusion},
    booktitle = {Le Château médiéval, forteresse habitée (XIe-XVIe siècles)},
    publisher = {},
    location = {},
    year = 1992,
    pagetotal = {3},
    language = {français},
    keywords = {intro-book-crh, crh-1992}
    }

@incollection{Goy5213-1992,
    author = {Goy, Joseph},
    editor = {R. Bonnain and G. Bouchard and J. Goy},
    title = {conclusion},
    booktitle = {Transmettre, hériter, succéder: la reproduction familiale en milieu rural. France et Québec 18e 20e siècle,},
    publisher = {},
    location = {},
    year = 1992,
    pagetotal = {},
    language = {français},
    keywords = {intro-book-crh, crh-1992}
    }

@incollection{Boureau3764-1992,
    author = {Boureau, Alain},
    editor = {},
    title = {Un seul diable en plusieurs personnes, préface},
    booktitle = {Les sciences du diable},
    publisher = {},
    location = {Paris},
    year = 1992,
    pagetotal = {7},
    language = {français},
    keywords = {preface-book-crh, crh-1992}
    }

@incollection{Fridenson4066-1992,
    author = {Fridenson, Patrick},
    editor = {},
    title = {préface},
    booktitle = {Organisation et performance des entreprises},
    publisher = {},
    location = {Paris},
    year = 1992,
    pagetotal = {8},
    language = {français},
    keywords = {preface-book-crh, crh-1992}
    }

@book{Berlioz3703-1992,
    author = {Berlioz, Jacques},
    title = {La Vie de Saint Malachie},
    publisher = {},
    series = {},
    location = {Citeaux},
    year = 1992,
    pagetotal = {8},
    language = {français},
    % addendum = {Le premier volume de la traduction française des oeuvres de Saint Bernard.La Vie de Saint Malachie},
    keywords = {edition-txt-crh, crh-1992}
    }

@book{Boureau3754-1992,
    author = {Boureau, Alain},
    title = {Le procès de Louis XVI},
    publisher = {},
    series = {},
    location = {Bruxelles},
    year = 1992,
    pagetotal = {1},
    language = {français},
    % addendum = {préface à la réédition},
    keywords = {edition-txt-crh, crh-1992}
    }

@book{Godin4094-1992,
    author = {Godin, André and C.Blum and J.C.Margolin and D.Ménager},
    title = {ERASME (Eloge de la folie, Adages, Correspondance...)},
    publisher = {},
    series = {},
    location = {Paris},
    year = 1992,
    pagetotal = {},
    language = {français},
    keywords = {edition-txt-crh, crh-1992}
    }

@book{Chartier3862-1992,
    author = {Chartier, Roger},
    editor = {},
    title = {Die unvollendete Vergangenheit. Geschichte und die Macht der Weltauslegung  (rééd.)},
    publisher = {},
    series = {},
    location = {Francfort-sur-le-Main},
    year = 1992,
    pagetotal = {},
    language = {allemand},
    addendum = {réédition},
    keywords = {reedition-crh, crh-1992}
    }

@book{Berlioz3698-1992,
    author = {Berlioz, Jacques and J. Le Goff and A. Guerreau-Jalabert},
    editor = {M. Balard},
    title = {Anthropologie et histoire. Bibliographie de l'histoire médiévale en France (1965-1990)},
    publisher = {},
    series = {},
    location = {},
    year = 1992,
    pagetotal = {8},
    language = {français},
    keywords = {outil-recherche-crh, crh-1992}
    }

@book{Greard4123-1992,
    author = {Greard, Catherine and M. Bruston},
    editor = {},
    title = {L'Annuaire de la recherche géographique francophone},
    publisher = {},
    series = {},
    location = {Paris},
    year = 1992,
    pagetotal = {},
    language = {français},
    keywords = {outil-recherche-crh, crh-1992}
    }

@book{Hemardinquer4187-1992,
    author = {Hemardinquer, Jean-Jacques},
    editor = {B. Quemada},
    title = {Dépouillements de textes des XVIe-XXe siècles, Matériaux pour l'histoire du vocabulaire français, Datations et Documents lexicographiques},
    publisher = {Klincksieck},
    series = {},
    location = {Paris},
    year = 1992,
    pagetotal = {},
    language = {français},
    keywords = {outil-recherche-crh, crh-1992}
    }

@book{LeMee4317-1992,
    author = {Le Mee, René},
    editor = {},
    title = {Bibliographie Internationale de Démographie Historique, 1991},
    publisher = {},
    series = {},
    location = {Liège},
    year = 1992,
    pagetotal = {},
    language = {français},
    keywords = {outil-recherche-crh, crh-1992}
    }

@book{Motte4365-1992,
    author = {Motte, Claude and S. Scarlet-Boutouyrie},
    editor = {},
    title = {Dictionnaire des Paroisses et Communes de France, Meuse, Histoire administrative et démographique},
    publisher = {CNRS},
    series = {},
    location = {Paris},
    year = 1992,
    pagetotal = {},
    language = {français},
    keywords = {outil-recherche-crh, crh-1992}
    }

@book{Pomian4472-1992,
    author = {Pomian, Krzysztof},
    editor = {K. Muszynska},
    title = {Katalog rekopisow Biblioteki Narodowej (Catalogue des manuscrits de la Bibliothèque nationale) tome XII, notices IV 9401 à IV 9497},
    publisher = {},
    series = {},
    location = {Varsovie},
    year = 1992,
    pagetotal = {36},
    language = {polonais},
    keywords = {outil-recherche-crh, crh-1992}
    }

@book{Brabant4851-1992,
    author = {Brabant, Eva and E. Falzeder and P. Giampieri-Deutsch},
    editor = {A. Haynal},
    title = {Sigmund Freud, Sàndor Ferenczi, Correspondance, Tome 1 (1908-1914)},
    publisher = {Calmann-Lévy},
    series = {},
    location = {Paris},
    year = 1992,
    pagetotal = {},
    language = {allemand},
    keywords = {outil-recherche-crh, crh-1992}
    }

@article{Schmitt4593-1992,
    author = {Schmitt, Jean-Claude},
    title = {Construction du lien social : Equilibres et déséquilibres des sociétés},
    journal = {Rapport de conjoncture du Comité National de la Recherche Scientifique},
    year = 1992,
    language = {français},
    keywords = {art-rapport-crh, crh-1992}
    }

