@article{Grenier61-1995,
    author = {Grenier, Jean-Yves},
    title = {Histoire et sociologie. Le dialogue (presque) impossible},
    journal = {Bulletin de l'Institut de Recherche sur le Maghreb contemporain},
    year = 1995,
    language = {français},
    keywords = {art-crh, crh-1995}
    }

@article{Mane109-1995,
    author = {Mane, Perrine},
    title = {Enluminures médiévales des <Vvi>Géorgiques</Vvi> de Virgile},
    journal = {Mélanges de l'Ecole Française de Rome, Moyen Age-Temps Modernes,},
    year = 1995,
    language = {français},
    keywords = {art-crh, crh-1995}
    }

@article{Demonet2706-1995,
    author = {Demonet, Michel and P. Bourdelais},
    title = {L'industrialisation: l'exemple du Creusot. Essai d'histoire des itinéraires individuels (1836-1881)},
    journal = {Cahiers du Centre de Recherches Historiques},
    year = 1995,
    language = {français},
    keywords = {art-crh, crh-1995}
    }

@article{Baschet4753-1995,
    author = {Baschet, Jérôme},
    title = {Jugement de l'âme, Jugement dernier : contradiction, complémentarité, chevauchement ?},
    journal = {Revue Mabillon},
    year = 1995,
    language = {français},
    keywords = {art-crh, crh-1995}
    }

@article{Baschet4755-1995,
    author = {Baschet, Jérôme},
    title = {Les bases de données du groupe de recherches sur les images médiévales},
    journal = {Cahiers du Centre de Recherches Historiques},
    year = 1995,
    language = {français},
    keywords = {art-crh, crh-1995}
    }

@article{Benoît4767-1995,
    author = {Benoît, Serge and G. Emptoz},
    title = {La banque de données MEDOC. Mécanisation de la France XIXe-XXe siècles},
    journal = {Cahiers du Centre de Recherches historiques},
    year = 1995,
    language = {français},
    keywords = {art-crh, crh-1995}
    }

@article{Bergeron4773-1995,
    author = {Bergeron, Louis},
    title = {Arqueologia Industrial, pasado y presente},
    journal = {Revista de Historia Industrial,},
    year = 1995,
    language = {espagnol},
    keywords = {art-crh, crh-1995}
    }

@article{Berlioz4787-1995,
    author = {Berlioz, Jacques},
    title = {SOS paysages cisterciens},
    journal = {L'Histoire},
    year = 1995,
    language = {français},
    keywords = {art-crh, crh-1995}
    }

@article{Berlioz4789-1995,
    author = {Berlioz, Jacques},
    title = {Opinel, la fortune d'un couteau savoyard},
    journal = {L'Histoire},
    year = 1995,
    language = {français},
    keywords = {art-crh, crh-1995}
    }

@article{Berlioz4790-1995,
    author = {Berlioz, Jacques},
    title = {La simbologia del rospo nella cultura medievale. La piu laida delle creature},
    journal = {Storia e dossier},
    year = 1995,
    language = {italien},
    keywords = {art-crh, crh-1995}
    }

@article{Beutler4798-1995,
    author = {Beutler, Corinne},
    title = {Corpus informatisé de la littérature agricole imprimée en Europe au XVIe siècle},
    journal = {Cahiers du Centre de Recherches Historiques},
    year = 1995,
    language = {français},
    keywords = {art-crh, crh-1995}
    }

@article{Beutler4800-1995,
    author = {Beutler, Corinne},
    title = {Vers une lecture scientifique de la littérature agricole du XVIe siècle},
    journal = {Histoire et Sociétés Rurales},
    year = 1995,
    language = {français},
    keywords = {art-crh, crh-1995}
    }

@article{Beutler4801-1995,
    author = {Beutler, Corinne},
    title = {Les timons d'attelage},
    journal = {La Lettre de l'AFMA},
    year = 1995,
    language = {français},
    keywords = {art-crh, crh-1995}
    }

@article{Blanquie4805-1995,
    author = {Blanquie, Christophe},
    title = {Les Lettres de Bussy à l'Académie},
    journal = {XVIIe Siècle},
    year = 1995,
    language = {français},
    keywords = {art-crh, crh-1995}
    }

@article{Blanquie4806-1995,
    author = {Blanquie, Christophe},
    title = {Entre courtoisie et révolte, la correspondance de Condé},
    journal = {Histoire, Economie, Société},
    year = 1995,
    language = {français},
    keywords = {art-crh, crh-1995}
    }

@article{Blanquie4807-1995,
    author = {Blanquie, Christophe},
    title = {Le Prince de Conti et la conversion des réformés (1660-1666)},
    journal = {Bulletin de la Société d'histoire du protestantisme français},
    year = 1995,
    language = {français},
    keywords = {art-crh, crh-1995}
    }

@article{Blanquie4808-1995,
    author = {Blanquie, Christophe},
    title = {Antoine Le Maître, le solitaire avocat},
    journal = {Revue de la société internationale d'histoire de la profession d'avocat},
    year = 1995,
    language = {français},
    keywords = {art-crh, crh-1995}
    }

@article{Bonnain4815-1995,
    author = {Bonnain-Dulon, Rolande and D. Chevallier},
    title = {Les habits neufs du patrimoine},
    journal = {Panoramiques},
    year = 1995,
    language = {français},
    keywords = {art-crh, crh-1995}
    }

@article{Bonnain4816-1995,
    author = {Bonnain-Dulon, Rolande},
    title = {La femme, l'amour et le sucre},
    journal = {Papilles},
    year = 1995,
    language = {français},
    keywords = {art-crh, crh-1995}
    }

@article{Bonnain4817-1995,
    author = {Bonnain-Dulon, Rolande},
    title = {Le crible aux louis d'or et le canevas. L'histoire familiale comme représentation},
    journal = {Annales de démographie historique},
    year = 1995,
    language = {français},
    keywords = {art-crh, crh-1995}
    }

@article{Bonnain4818-1995,
    author = {Bonnain-Dulon, Rolande},
    title = {Le pain des morts},
    journal = {Gräzer Beitrage zur Europaischer Ethnologie},
    year = 1995,
    language = {français},
    keywords = {art-crh, crh-1995}
    }

@article{Bourdelais4820-1995,
    author = {Bourdelais, Patrice},
    title = {Les banques de données au C.R.H. : présentation},
    journal = {Cahiers du Centre de Recherches Historiques,},
    year = 1995,
    language = {français},
    keywords = {art-crh, crh-1995}
    }

@article{Bourdelais4821-1995,
    author = {Bourdelais, Patrice and M. Demonet},
    title = {L'industrialisation : l'exemple du Creusot. Essai d'histoire des itinéraires individuels (1836-1881)},
    journal = {Cahiers du Centre de Recherches Historiques},
    year = 1995,
    language = {français},
    keywords = {art-crh, crh-1995}
    }

@article{Bourdelais4822-1995,
    author = {Bourdelais, Patrice},
    title = {Entre combat politique et découvertes médicales : l'iconographie du choléra en France au XIXe siècle},
    journal = {Circé,},
    year = 1995,
    language = {français},
    keywords = {art-crh, crh-1995}
    }

@article{Bourdelais4823-1995,
    author = {Bourdelais, Patrice},
    title = {Vieux, mais à quel âge ?},
    journal = {Questions pour le siècle à venir, BIC},
    year = 1995,
    language = {français},
    keywords = {art-crh, crh-1995}
    }

@article{Boureau4839-1995,
    author = {Boureau, Alain},
    title = {Ecrire sa conversion. Naissance de l'autobiographie spirituelle au Moyen Âge, dans <Vvi>Le Tournant d'une vie</Vvi>},
    journal = {Cahiers de Recherches Interdisciplinaires sur les Textes Modernes},
    year = 1995,
    language = {français},
    keywords = {art-crh, crh-1995}
    }

@article{Boureau4840-1995,
    author = {Boureau, Alain},
    title = {Terminator ou le désir d'achever},
    journal = {Nouvelle Revue de Psychanalyse},
    year = 1995,
    language = {français},
    keywords = {art-crh, crh-1995}
    }

@article{Bruhns4857-1995,
    author = {Bruhns, Hinnerk},
    title = {Max Weber en France et en Allemagne},
    journal = {Revue Européenne des sciences sociales},
    year = 1995,
    language = {français},
    keywords = {art-crh, crh-1995}
    }

@article{Burguière4866-1995,
    author = {Burguière, André},
    title = {Modèle scolaire, modèle culturel et caractère national : le cas français},
    journal = {La Revue Tocqueville},
    year = 1995,
    language = {français},
    keywords = {art-crh, crh-1995}
    }

@article{Cerutti4880-1995,
    author = {Cerutti, Simona},
    title = {Giustizia e località a Torino in età moderna : una ricerca in corso},
    journal = {Quaderni Storici,},
    year = 1995,
    language = {italien},
    keywords = {art-crh, crh-1995}
    }

@article{Chartier4938-1995,
    author = {Chartier, Roger},
    title = {Sur le champ de connaissance historique},
    journal = {Iichiko},
    year = 1995,
    language = {français},
    keywords = {art-crh, crh-1995}
    }

@article{Chartier4939-1995,
    author = {Chartier, Roger},
    title = {Médiologie, sociologie des textes et histoire du livre},
    journal = {Le Débat},
    year = 1995,
    language = {français},
    keywords = {art-crh, crh-1995}
    }

@article{Chartier4940-1995,
    author = {Chartier, Roger},
    title = {Die geschriebene Botschaft und ihre Rezeptionen. Vom Codex zum Bildschirm},
    journal = {Neue},
    year = 1995,
    language = {allemand},
    keywords = {art-crh, crh-1995}
    }

@article{Chartier4941-1995,
    author = {Chartier, Roger},
    title = {Textos, impresos, lecturas},
    journal = {Revista de História},
    year = 1995,
    language = {espagnol},
    keywords = {art-crh, crh-1995}
    }

@article{Chartier4942-1995,
    author = {Chartier, Roger},
    title = {Leituras, leitores e 'literaturas populares' na Europa do Renascimento},
    journal = {Mana. Estudos de Antropologia Social},
    year = 1995,
    language = {portugais},
    keywords = {art-crh, crh-1995}
    }

@article{Chartier4943-1995,
    author = {Chartier, Roger},
    title = {L'auteur dans le système de la culture imprimée},
    journal = {Nouvelle Revue Littéraire},
    year = 1995,
    language = {français},
    keywords = {art-crh, crh-1995}
    }

@article{Chartier4944-1995,
    author = {Chartier, Roger},
    title = {Généalogie et architecture de l'oeuvre : Foucault lecteur de Foucault},
    journal = {Les Cahiers de la Villa Gillet},
    year = 1995,
    language = {français},
    keywords = {art-crh, crh-1995}
    }

@article{Chartier4945-1995,
    author = {Chartier, Roger},
    title = {L'histoire aujourd'hui : doutes, défis, propositions},
    journal = {Odysseus. Man in History,},
    year = 1995,
    language = {français},
    keywords = {art-crh, crh-1995}
    }

@article{Chartier4946-1995,
    author = {Chartier, Roger},
    title = {La historia hoy en día : desafíos, propuestas},
    journal = {Anales de Historia Antigua y Medieval},
    year = 1995,
    language = {espagnol},
    keywords = {art-crh, crh-1995}
    }

@article{Chartier4947-1995,
    author = {Chartier, Roger},
    title = {'Cultura popular': revisitando um conceito historiográfico},
    journal = {Estudos Históricos},
    year = 1995,
    language = {espagnol},
    keywords = {art-crh, crh-1995}
    }

@article{Chartier4948-1995,
    author = {Chartier, Roger},
    title = {Le message écrit et ses réceptions. Du codex à l'écran},
    journal = {Versus. Quaderni di studi semiotici},
    year = 1995,
    language = {français},
    keywords = {art-crh, crh-1995}
    }

@article{Chartier4949-1995,
    author = {Chartier, Roger},
    title = {Révolutions et modèles de la lecture, XVe-XXe siècles},
    journal = {Le Français Aujourd'hui},
    year = 1995,
    language = {français},
    keywords = {art-crh, crh-1995}
    }

@article{Chartier4952-1995,
    author = {Chartier, Roger},
    title = {Entrevista com Roger Chartier},
    journal = {Acervo. Revista do Arquivo Nacional},
    year = 1995,
    language = {portugais},
    keywords = {art-crh, crh-1995}
    }

@article{Cohen4994-1995,
    author = {Cohen, Yves},
    title = {Pour en finir avec le passage direct de l'artisanat au fordisme et pour lui préférer la 'production de série'},
    journal = {La lettre du G.E.R.P.I.S.A.},
    year = 1995,
    language = {français},
    keywords = {art-crh, crh-1995}
    }

@article{Cohen4995-1995,
    author = {Cohen, Yves},
    title = {Une histoire aussi technique},
    journal = {Annales. Histoire, Sciences Sociales},
    year = 1995,
    language = {français},
    keywords = {art-crh, crh-1995}
    }

@article{Dakhlia5000-1995,
    author = {Dakhlia, Jocelyne},
    title = {Le terrain de la vérité},
    journal = {Enquêtes,},
    year = 1995,
    language = {français},
    keywords = {art-crh, crh-1995}
    }

@article{Dauphin5006-1995,
    author = {Dauphin-Memeteau, Cécile},
    title = {Questions à l'histoire culturelle des femmes. Les manuels épistolaires au XIXe siècle},
    journal = {Genèses},
    year = 1995,
    language = {français},
    keywords = {art-crh, crh-1995}
    }

@article{Dauphin5007-1995,
    author = {Dauphin-Memeteau, Cécile},
    title = {Pour une histoire de la correspondance familiale},
    journal = {Romantisme},
    year = 1995,
    language = {français},
    keywords = {art-crh, crh-1995}
    }

@article{Debert5009-1995,
    author = {Debert, Aline and P. Lerou},
    title = {Le culte de la croix et de la Passion en France},
    journal = {C.E.I.R.A.,},
    year = 1995,
    language = {français},
    keywords = {art-crh, crh-1995}
    }

@article{Demelas5015-1995,
    author = {Demelas, Marie-Danièle},
    title = {Les deux journaux de José Santos Vargas (1814-1825). 1 : Problèmes d'édition},
    journal = {Bulletin de l'Institut Français d'Études Andines},
    year = 1995,
    language = {français},
    keywords = {art-crh, crh-1995}
    }

@article{Demelas5016-1995,
    author = {Demelas, Marie-Danièle and I. Lausent-Herrera},
    title = {Pérou : le pouvoir selon Fujimori},
    journal = {Problèmes d'Amérique Latine},
    year = 1995,
    language = {français},
    keywords = {art-crh, crh-1995}
    }

@article{Depeyrot5038-1995,
    author = {Depeyrot, Georges},
    title = {Un trésor de 186.000 monnaies découvert à Troyes},
    journal = {Archéologie Nouvelle,},
    year = 1995,
    language = {français},
    keywords = {art-crh, crh-1995}
    }

@article{Depeyrot5039-1995,
    author = {Depeyrot, Georges},
    title = {Retour du trésor d'Eauze},
    journal = {Archéologie Nouvelle,},
    year = 1995,
    language = {français},
    keywords = {art-crh, crh-1995}
    }

@article{Depeyrot5040-1995,
    author = {Depeyrot, Georges},
    title = {Les solidi de Valens et la question du métal},
    journal = {Cahiers numismatiques},
    year = 1995,
    language = {français},
    keywords = {art-crh, crh-1995}
    }

@article{Depeyrot5041-1995,
    author = {Depeyrot, Georges},
    title = {Les monnaies de la rue des colonnes à Vienne (Isère)},
    journal = {Cahiers numismatiques},
    year = 1995,
    language = {français},
    keywords = {art-crh, crh-1995}
    }

@article{Depeyrot5042-1995,
    author = {Depeyrot, Georges and G. Cros and M. Feugère},
    title = {Un atelier de faux monnayeurs à Aumes (Hérault) au cinquième siècle},
    journal = {Bulletin de la société française de numismatique,},
    year = 1995,
    language = {français},
    keywords = {art-crh, crh-1995}
    }

@article{Depeyrot5045-1995,
    author = {Depeyrot, Georges},
    title = {Réponse à Jean Lafaurie sur le Numéraire carolingien},
    journal = {Revue numismatique},
    year = 1995,
    language = {français},
    keywords = {art-crh, crh-1995}
    }

@article{Derouet5054-1995,
    author = {Derouet, Bernard},
    title = {Territoire et parenté. Pour une mise en perspective de la communauté rurale et des formes de reproduction familiale},
    journal = {Annales. Histoire, Sciences Sociales,},
    year = 1995,
    language = {français},
    keywords = {art-crh, crh-1995}
    }

@article{Desaive5062-1995,
    author = {Desaive, Jean-Paul},
    title = {Aspects de l'émigration auxerroise, notamment vers Paris, aux XVIIe et XVIIIe siècles},
    journal = {Bulletin de la Société des Sciences Historiques et Naturelles de l'Yonne,},
    year = 1995,
    language = {français},
    keywords = {art-crh, crh-1995}
    }

@article{Descimon5068-1995,
    author = {Descimon, Robert},
    title = {Corpo cittadino, corpi di mestiere e borghesia a Parigi nel XVI e XVII secolo. La libertà dei borghesi},
    journal = {Quaderni storici},
    year = 1995,
    language = {italien},
    keywords = {art-crh, crh-1995}
    }

@article{Descimon5069-1995,
    author = {Descimon, Robert},
    title = {L'union au domaine royal et le principe d'inaliénabilité. La construction d'une loi fondamentale aux XVIe et XVIIe siècles},
    journal = {Droits},
    year = 1995,
    language = {français},
    keywords = {art-crh, crh-1995}
    }

@article{Ducreux5089-1995,
    author = {Ducreux-Lakits, Marie-Elisabeth},
    title = {Ecrire l'histoire de la mémoire},
    journal = {Cahiers du CEFRES: Histoire et mémoire,},
    year = 1995,
    language = {français},
    keywords = {art-crh, crh-1995}
    }

@article{Emptoz5096-1995,
    author = {Emptoz, Gérard},
    title = {La carbonisation du bois et la naissance de la chimie du bois : inventions, acteurs et entreprises},
    journal = {Sciences et techniques en perspective},
    year = 1995,
    language = {français},
    keywords = {art-crh, crh-1995}
    }

@article{Emptoz5097-1995,
    author = {Emptoz, Gérard},
    title = {Un essai d'histoire de la muséologie scientifique : les musées de mémoire des sciences et des techniques},
    journal = {Musées \& collections publiques de France},
    year = 1995,
    language = {français},
    keywords = {art-crh, crh-1995}
    }

@article{Emptoz5098-1995,
    author = {Emptoz, Gérard},
    title = {Chimie et métallurgie, recherches des ingénieurs des Mines au milieu du XIXe siècle. L'exemple de J. Ebelmen},
    journal = {Sciences et techniques en perspective,},
    year = 1995,
    language = {français},
    keywords = {art-crh, crh-1995}
    }

@article{Emptoz5099-1995,
    author = {Emptoz, Gérard and Serge Benoît},
    title = {La banque de données MEDOC},
    journal = {Cahiers du Centre de Recherches Historiques},
    year = 1995,
    language = {français},
    keywords = {art-crh, crh-1995}
    }

@article{Emptoz5100-1995,
    author = {Emptoz, Gérard},
    title = {La société industrielle et ses musées},
    journal = {Archives internationales d'histoire des sciences,},
    year = 1995,
    language = {français},
    keywords = {art-crh, crh-1995}
    }

@article{Emptoz5101-1995,
    author = {Emptoz, Gérard},
    title = {Notice nécrologique de Jacques Payen (1832-1993)},
    journal = {Bulletin de l'Association des anciens élèves de l'Ecole nationale des Chartes,},
    year = 1995,
    language = {français},
    keywords = {art-crh, crh-1995}
    }

@article{Emptoz5102-1995,
    author = {Emptoz, Gérard},
    title = {Les ingénieurs},
    journal = {Sciences et Techniques en Perspective},
    year = 1995,
    language = {français},
    keywords = {art-crh, crh-1995}
    }

@article{Fabre5107-1995,
    author = {Fabre, Pierre-Antoine},
    title = {Le profil d'un fondateur. Genèse du portrait d'Ignace de Loyola (1556-1622)},
    journal = {Trois},
    year = 1995,
    language = {français},
    keywords = {art-crh, crh-1995}
    }

@article{Fabre5108-1995,
    author = {Fabre, Pierre-Antoine},
    title = {Prononcer ses voeux. Propositions pour une étude des rituels d'énonciation orale du voeu dans la tradition des Ordres religieux},
    journal = {L'Inactuel},
    year = 1995,
    language = {français},
    keywords = {art-crh, crh-1995}
    }

@article{Farge5119-1995,
    author = {Farge, Arlette},
    title = {L'imaginaire de la ville au XVIIIe siècle},
    journal = {Journal des Anthropologues,},
    year = 1995,
    language = {français},
    keywords = {art-crh, crh-1995}
    }

@article{Farge5121-1995,
    author = {Farge, Arlette},
    title = {L'historien et la parole d'autrui : archives du XVIIIe siècle},
    journal = {Villa Gillet,},
    year = 1995,
    language = {français},
    keywords = {art-crh, crh-1995}
    }

@article{Farge5122-1995,
    author = {Farge, Arlette},
    title = {Paroles sans histoire, histoires sans paroles},
    journal = {L'Inactuel,},
    year = 1995,
    language = {français},
    keywords = {art-crh, crh-1995}
    }

@article{Fontaine5134-1995,
    author = {Fontaine, Laurence},
    title = {Devoluzione dei beni nelle valli alpine del Delfinato (XVII-XVIII secolo)},
    journal = {Quaderni Storici,},
    year = 1995,
    language = {italien},
    keywords = {art-crh, crh-1995}
    }

@article{Fontaine5135-1995,
    author = {Fontaine, Laurence},
    title = {Rôle économique de la parenté},
    journal = {Annales de démographie historique,},
    year = 1995,
    language = {français},
    keywords = {art-crh, crh-1995}
    }

@article{Fridenson5165-1995,
    author = {Fridenson, Patrick},
    title = {Production de masse et sortie de crise},
    journal = {Actes du G.E.R.P.I.S.A.},
    year = 1995,
    language = {français},
    keywords = {art-crh, crh-1995}
    }

@article{Fridenson5166-1995,
    author = {Fridenson, Patrick},
    title = {L'entreprise face à son histoire : quel enjeu pour le management ?},
    journal = {Les Annales de l'Ecole de Paris,},
    year = 1995,
    language = {français},
    keywords = {art-crh, crh-1995}
    }

@article{Fridenson5167-1995,
    author = {Fridenson, Patrick and F. Caron},
    title = {Le transfert à Roubaix des archives d'entreprises déposées aux Archives Nationales},
    journal = {Entreprise et Histoire},
    year = 1995,
    language = {français},
    keywords = {art-crh, crh-1995}
    }

@article{Fridenson5169-1995,
    author = {Fridenson, Patrick},
    title = {Business organization and comparative economic performance},
    journal = {Business and Economic History,},
    year = 1995,
    language = {anglais},
    keywords = {art-crh, crh-1995}
    }

@article{Froeschlé5179-1995,
    author = {Froeschlé-Chopard, Marie-Hélène},
    title = {Lieux de pèlerinage, Lieux de rencontre entre des laïcs et des clercs},
    journal = {Provence Historique,},
    year = 1995,
    language = {français},
    keywords = {art-crh, crh-1995}
    }

@article{Goldberg5200-1995,
    author = {Goldberg, Sylvie-Anne},
    title = {A Hagyomanytol a forradalomig (De la tradition à la Révolution)},
    journal = {Magyar Szemle},
    year = 1995,
    language = {hongrois},
    keywords = {art-crh, crh-1995}
    }

@article{Goldberg5201-1995,
    author = {Goldberg, Sylvie-Anne},
    title = {Les Juifs en Union Soviétique jusqu'en 1941},
    journal = {Les Cahiers de la Shoah,},
    year = 1995,
    language = {français},
    keywords = {art-crh, crh-1995}
    }

@article{Goldberg5202-1995,
    author = {Goldberg, Sylvie-Anne},
    title = {L'animal dans le Judaïsme},
    journal = {Sciences et Avenir,},
    year = 1995,
    language = {français},
    keywords = {art-crh, crh-1995}
    }

@article{Grenier5221-1995,
    author = {Grenier, Jean-Yves},
    title = {L'histoire quantitative est-elle encore nécessaire ?},
    journal = {Autrement},
    year = 1995,
    language = {français},
    keywords = {art-crh, crh-1995}
    }

@article{Grenier5222-1995,
    author = {Grenier, Jean-Yves},
    title = {L'analyse économique et le temps de l'histoire. Réflexions sur la longue durée},
    journal = {Economies et Sociétés},
    year = 1995,
    language = {français},
    keywords = {art-crh, crh-1995}
    }

@article{Grenier5223-1995,
    author = {Grenier, Jean-Yves},
    title = {Consommation et marché au XVIII° siècle},
    journal = {Histoire et Mesure},
    year = 1995,
    language = {français},
    keywords = {art-crh, crh-1995}
    }

@article{Guerreau5228-1995,
    author = {Guerreau, Alain},
    title = {Climat et vendanges (XIVe-XIXe siècles) : révisions et compléments},
    journal = {Histoire et Mesure,},
    year = 1995,
    language = {français},
    keywords = {art-crh, crh-1995}
    }

@article{Guerreau5229-1995,
    author = {Guerreau, Alain},
    title = {(Re)leer a Marx},
    journal = {Taller d'historia,},
    year = 1995,
    language = {?},
    keywords = {art-crh, crh-1995}
    }

@article{Hartog5237-1995,
    author = {Hartog, François},
    title = {Temps et Histoire : Comment écrire l'histoire de France},
    journal = {Annales. Histoire, Sciences Sociales,},
    year = 1995,
    language = {français},
    keywords = {art-crh, crh-1995}
    }

@article{Jouhaud5250-1995,
    author = {Jouhaud, Christian},
    title = {L'écrivain face au pouvoir : littérature et politique en France dans la première moitié du XVIIe siècle},
    journal = {Bulletin de la Société d'Histoire Moderne et Contemporaine},
    year = 1995,
    language = {français},
    keywords = {art-crh, crh-1995}
    }

@article{Julliard5269-1995,
    author = {Julliard, Jacques},
    title = {La gauche entre réalisme et utopie},
    journal = {Le Banquet,},
    year = 1995,
    language = {français},
    keywords = {art-crh, crh-1995}
    }

@article{Klapisch5278-1995,
    author = {Klapisch-Zuber, Christiane},
    title = {I cantieri del diritto. (A proposito di Thomas Kuehn, Law, Family, and Women. Toward a Legal Anthropology of Renaissance Italy)},
    journal = {Quaderni storici},
    year = 1995,
    language = {italien},
    keywords = {art-crh, crh-1995}
    }

@article{Klapisch5279-1995,
    author = {Klapisch-Zuber, Christiane},
    title = {Les noces feintes. Sur quelques lectures de deux thèmes iconographiques dans les <Vvi>cassoni</Vvi> florentins},
    journal = {I Tatti Studies},
    year = 1995,
    language = {français},
    keywords = {art-crh, crh-1995}
    }

@article{Klapisch5280-1995,
    author = {Klapisch-Zuber, Christiane},
    title = {Le Catasto florentin et son environnement},
    journal = {Cahiers du Centre de recherches historiques},
    year = 1995,
    language = {français},
    keywords = {art-crh, crh-1995}
    }

@article{Kriegel5291-1995,
    author = {Kriegel, Maurice},
    title = {Aux origines du sionisme : entre messianisme traditionnel et mouvement national moderne},
    journal = {La Pensée politique},
    year = 1995,
    language = {français},
    keywords = {art-crh, crh-1995}
    }

@article{LeBras5304-1995,
    author = {Le Bras, Hervé},
    title = {La densité a-t-elle une influence sur les comportements sociaux ?},
    journal = {Les Annales de la recherche urbaine},
    year = 1995,
    language = {français},
    keywords = {art-crh, crh-1995}
    }

@article{LeBras5305-1995,
    author = {Le Bras, Hervé},
    title = {Migrations internationales : de la colonisation à l'invasion ou la rhétorique des vases communicants},
    journal = {The Tocqueville Review,},
    year = 1995,
    language = {français},
    keywords = {art-crh, crh-1995}
    }

@article{LeBras5308-1995,
    author = {Le Bras, Hervé},
    title = {L'arithmétique des hommes},
    journal = {La Recherche,},
    year = 1995,
    language = {français},
    keywords = {art-crh, crh-1995}
    }

@article{LeMée5320-1995,
    author = {Le Mée, René},
    title = {De la naissance de la démographie historique à l'Enquête Henry},
    journal = {Population,},
    year = 1995,
    language = {français},
    keywords = {art-crh, crh-1995}
    }

@article{Lepetit5330-1995,
    author = {Lepetit, Bernard},
    title = {Los Annales, hoy},
    journal = {Iztapalapa},
    year = 1995,
    language = {espagnol},
    keywords = {art-crh, crh-1995}
    }

@article{Lepetit5331-1995,
    author = {Lepetit, Bernard},
    title = {Epitészet, földrajz torténelem a lébték habznalatai},
    journal = {AETAS,},
    year = 1995,
    language = {hongrois},
    keywords = {art-crh, crh-1995}
    }

@article{Lepetit5332-1995,
    author = {Lepetit, Bernard},
    title = {L'histoire prend-elle les acteurs au sérieux ?},
    journal = {Espace temps, les cahiers,},
    year = 1995,
    language = {français},
    keywords = {art-crh, crh-1995}
    }

@article{Lepetit5333-1995,
    author = {Lepetit, Bernard},
    title = {In presenza del luogo stesso?? Pratiche dotte e identificazione degli spazi alla fine del XVIII secolo},
    journal = {Quaderni storici, 90,},
    year = 1995,
    language = {italien},
    keywords = {art-crh, crh-1995}
    }

@article{LeRoyLadurie5343-1995,
    author = {Le Roy Ladurie, Emmanuel and A.Smedley-Weil},
    title = {Une histoire sérielle du livre (XVe-XXe siècles)},
    journal = {Histoire, Economie, et Société,},
    year = 1995,
    language = {français},
    keywords = {art-crh, crh-1995}
    }

@article{Mane5348-1995,
    author = {Mane, Perrine},
    title = {Une banque de données d'images},
    journal = {Cahiers du Centre de Recherches Historiques},
    year = 1995,
    language = {français},
    keywords = {art-crh, crh-1995}
    }

@article{Noiriel5379-1995,
    author = {Noiriel, Gérard},
    title = {Immigration : Amnesia and Memory},
    journal = {French Historical Studies,},
    year = 1995,
    language = {anglais},
    keywords = {art-crh, crh-1995}
    }

@article{Noiriel5380-1995,
    author = {Noiriel, Gérard},
    title = {'L'Univers Historique'. Une collection d'histoire à travers son paratexte (1970-1993)},
    journal = {Genèses, 19,},
    year = 1995,
    language = {français},
    keywords = {art-crh, crh-1995}
    }

@article{Noiriel5381-1995,
    author = {Noiriel, Gérard},
    title = {Socio-histoire d'un concept. Les usages du mot 'nationalité' au 19ème siècle},
    journal = {Genèses},
    year = 1995,
    language = {français},
    keywords = {art-crh, crh-1995}
    }

@article{Ozouf5401-1995,
    author = {Ozouf, Mona},
    title = {Le compte des jours},
    journal = {Le Débat,},
    year = 1995,
    language = {français},
    keywords = {art-crh, crh-1995}
    }

@article{Ozouf5406-1995,
    author = {Ozouf-Marignier, Marie-Vic and M.-C. Robic},
    title = {La France au seuil des temps nouveaux. Paul Vidal de la Blache et la régionalisation},
    journal = {L'Information géographique,},
    year = 1995,
    language = {français},
    keywords = {art-crh, crh-1995}
    }

@article{Peter5410-1995,
    author = {Peter, Jean-Pierre},
    title = {L'acte médical ou l'objet technologique post-moderne},
    journal = {Agora - Éthique, Médecine, Société},
    year = 1995,
    language = {français},
    keywords = {art-crh, crh-1995}
    }

@article{Peter5412-1995,
    author = {Peter, Jean-Pierre},
    title = {Oubli et méconnaissance : une douleur},
    journal = {Synapses},
    year = 1995,
    language = {français},
    keywords = {art-crh, crh-1995}
    }

@article{Podselver5422-1995,
    author = {Podselver, Laurence},
    title = {La justice plutôt que la charité ? Quelques éléments concernant la <Vvi>tsedaka </Vvi>dans la tradition juive},
    journal = {L'Oxymoron,},
    year = 1995,
    language = {français},
    keywords = {art-crh, crh-1995}
    }

@article{PoloDeBeaulieu5428-1995,
    author = {Polo De Beaulieu, Marie-Anne},
    title = {Vers une politique du département S.H.S. en matière de banques de données? (interview de S.Auroux réalisé avec C.Bourlet)},
    journal = {Médiéviste et l'Ordinateur},
    year = 1995,
    language = {français},
    keywords = {art-crh, crh-1995}
    }

@article{PoloDeBeaulieu5429-1995,
    author = {Polo De Beaulieu, Marie-Anne},
    title = {Le projet informatique de la BNF (interview de A.Zysberg réalisé avec C.Bourlet)},
    journal = {Médiéviste et l'Ordinateur},
    year = 1995,
    language = {français},
    keywords = {art-crh, crh-1995}
    }

@article{PoloDeBeaulieu5433-1995,
    author = {Polo De Beaulieu, Marie-Anne},
    title = {La banque de données EXEMPLA},
    journal = {Cahiers du Centre de Recherches Historiques},
    year = 1995,
    language = {français},
    keywords = {art-crh, crh-1995}
    }

@article{Pomian5445-1995,
    author = {Pomian, Krzysztof},
    title = {Totalitarisme},
    journal = {Vingtième siècle. Revue d'histoire},
    year = 1995,
    language = {français},
    keywords = {art-crh, crh-1995}
    }

@article{Pomian5447-1995,
    author = {Pomian, Krzysztof},
    title = {Jak uprawiac historie kultury},
    journal = {Przeglad historyczny},
    year = 1995,
    language = {polonais},
    keywords = {art-crh, crh-1995}
    }

@article{Postel5457-1995,
    author = {Postel-Vinay, Gilles and P.-T. Hoffmann and J.-L. Rosenthal},
    title = {Redistribution and Long Term Private Debt in Paris, 1660-1726},
    journal = {Journal of Economic History},
    year = 1995,
    language = {anglais},
    keywords = {art-crh, crh-1995}
    }

@article{Postel5458-1995,
    author = {Postel-Vinay, Gilles and J.-M. Chanut and J. Heffer and J. Mairesse},
    title = {Les disparités de salaires en France au XIX° siècle},
    journal = {Histoire et mesure},
    year = 1995,
    language = {français},
    keywords = {art-crh, crh-1995}
    }

@article{Prochasson5472-1995,
    author = {Prochasson, Christophe},
    title = {Sur le cas Maurras : biographie et histoire des idées politiques (note critique)},
    journal = {Annales. Histoire, Sciences Sociales},
    year = 1995,
    language = {français},
    keywords = {art-crh, crh-1995}
    }

@article{Prochasson5473-1995,
    author = {Prochasson, Christophe},
    title = {Un retour aux sources : l'antisémitisme au temps de l'Affaire},
    journal = {Jean Jaurès. Cahiers trimestriels},
    year = 1995,
    language = {français},
    keywords = {art-crh, crh-1995}
    }

@article{Prochasson5474-1995,
    author = {Prochasson, Christophe},
    title = {La création de L'Effort et son manifeste},
    journal = {La Revue des revues},
    year = 1995,
    language = {français},
    keywords = {art-crh, crh-1995}
    }

@article{Revel5482-1995,
    author = {Revel, Jacques},
    title = {Ressources narratives et connaissance historique},
    journal = {Enquête},
    year = 1995,
    language = {français},
    keywords = {art-crh, crh-1995}
    }

@article{Revel5483-1995,
    author = {Revel, Jacques},
    title = {Micro-anàlisis y construcción de lo social},
    journal = {Anuario del Instituto de estudios historico-sociales},
    year = 1995,
    language = {espagnol},
    keywords = {art-crh, crh-1995}
    }

@article{Rosental5489-1995,
    author = {Rosental, Paul-André},
    title = {Une fratrie ou deux fratries ? : la migration des frères et la migration des soeurs en France au XIXe siècle},
    journal = {Cahiers d'Economie et Sociologie Rurales},
    year = 1995,
    language = {français},
    keywords = {art-crh, crh-1995}
    }

@article{Rucquoi5495-1995,
    author = {Rucquoi, Adeline},
    title = {De los reyes que no son taumaturgos : los fundamentos de la realeza en Espana},
    journal = {Temas Medievales,},
    year = 1995,
    language = {espagnol},
    keywords = {art-crh, crh-1995}
    }

@article{Schaub5504-1995,
    author = {Schaub, Jean-Frédéric},
    title = {La penisola iberica nei secoli XVI e XVII : la questione dello Stato},
    journal = {Studi Storici},
    year = 1995,
    language = {italien},
    keywords = {art-crh, crh-1995}
    }

@article{Scherrer5508-1995,
    author = {Scherrer, Jutta},
    title = {Pereomyslenie proslogo},
    journal = {Voprosy Filosofii},
    year = 1995,
    language = {russe},
    keywords = {art-crh, crh-1995}
    }

@article{Scherrer5509-1995,
    author = {Scherrer, Jutta},
    title = {Tschetschenien. Auf dem Wege zu einem neuen russischen Gewissen ?},
    journal = {Leviathan,},
    year = 1995,
    language = {allemand},
    keywords = {art-crh, crh-1995}
    }

@article{Scherrer5510-1995,
    author = {Scherrer, Jutta},
    title = {Marksistkoe 'konstruirovanie boga' ili christianskij 'poisk boga' : ponjatija bogostroitel'stva i bogoiskatel'stva},
    journal = {Filosofskaja i sociologiceskaja mysl'},
    year = 1995,
    language = {russe},
    keywords = {art-crh, crh-1995}
    }

@article{Scherrer5511-1995,
    author = {Scherrer, Jutta},
    title = {Die sozialistische Intelligenzija. Ihre Rolle in der russischen Kulturrevolution vor und nach 1917},
    journal = {Comparativ},
    year = 1995,
    language = {allemand},
    keywords = {art-crh, crh-1995}
    }

@article{Schmitt5521-1995,
    author = {Schmitt, Jean-Claude},
    title = {La croyance au Moyen Age},
    journal = {Raison Présente},
    year = 1995,
    language = {français},
    keywords = {art-crh, crh-1995}
    }

@article{Schnapper5549-1995,
    author = {Schnapper, Dominique},
    title = {Nation et démocratie},
    journal = {La Pensée politique},
    year = 1995,
    language = {français},
    keywords = {art-crh, crh-1995}
    }

@article{Schnapper5550-1995,
    author = {Schnapper, Dominique},
    title = {Politiser les institutions européennes},
    journal = {Europe},
    year = 1995,
    language = {français},
    keywords = {art-crh, crh-1995}
    }

@article{Schnapper5551-1995,
    author = {Schnapper, Dominique},
    title = {The idea of nation},
    journal = {Qualitative Sociology,},
    year = 1995,
    language = {anglais},
    keywords = {art-crh, crh-1995}
    }

@article{Schnapper5552-1995,
    author = {Schnapper, Dominique},
    title = {Existe-t-il une identité française ?},
    journal = {Sciences humaines},
    year = 1995,
    language = {français},
    keywords = {art-crh, crh-1995}
    }

@article{Schnapper5553-1995,
    author = {Schnapper, Dominique},
    title = {L'école du citoyen},
    journal = {Migrants-Formation},
    year = 1995,
    language = {français},
    keywords = {art-crh, crh-1995}
    }

@article{Schnapper5554-1995,
    author = {Schnapper, Dominique},
    title = {Nation démocratique et nationalisme ethnique},
    journal = {Dialogue},
    year = 1995,
    language = {français},
    keywords = {art-crh, crh-1995}
    }

@article{Schnapper5555-1995,
    author = {Schnapper, Dominique},
    title = {L'intégration de la France},
    journal = {Mémoires de l'Académie des sciences, arts et belles-lettres de Dijon},
    year = 1995,
    language = {français},
    keywords = {art-crh, crh-1995}
    }

@article{Schnapper5559-1995,
    author = {Schnapper, Dominique},
    title = {L'intégration 'à la française'},
    journal = {Magazine littéraire,},
    year = 1995,
    language = {français},
    keywords = {art-crh, crh-1995}
    }

@article{Seitz5563-1995,
    author = {Seitz, Frédéric},
    title = {L'histoire d'un enseignement précurseur},
    journal = {Urbanisme},
    year = 1995,
    language = {français},
    keywords = {art-crh, crh-1995}
    }

@article{Seitz5564-1995,
    author = {Seitz, Frédéric},
    title = {Architecture et politique en France, 1945-1995},
    journal = {Cahiers du Centre de Recherches Historiques},
    year = 1995,
    language = {français},
    keywords = {art-crh, crh-1995}
    }

@article{Seitz5565-1995,
    author = {Seitz, Frédéric},
    title = {Les 130 bougies de l' École Spéciale d'architecture},
    journal = {Urbanisme},
    year = 1995,
    language = {français},
    keywords = {art-crh, crh-1995}
    }

@article{Seitz5566-1995,
    author = {Seitz, Frédéric},
    title = {Le métal : résistance à un matériau},
    journal = {Urbanisme},
    year = 1995,
    language = {français},
    keywords = {art-crh, crh-1995}
    }

@article{Seitz5569-1995,
    author = {Seitz, Frédéric and J.-Y. Andrieux and Robert Coustet and Cl. Massu and Ch. Mengin and G. Monnier and A. Picon and D. Rabreau and M. Saboya and D. Voldman},
    title = {Réponse à : 'Qui a peur de l'histoire de l'architecture ?'},
    journal = {Histoire de l'art},
    year = 1995,
    language = {français},
    keywords = {art-crh, crh-1995}
    }

@article{Sigaut5576-1995,
    author = {Sigaut, François},
    title = {Histoire rurale et sciences agronomiques : Un cadre général de réflexion},
    journal = {Histoire et Sociétés Rurales},
    year = 1995,
    language = {français},
    keywords = {art-crh, crh-1995}
    }

@article{Smedley5583-1995,
    author = {Smedley-Weil, Anette and E.Le Roy Ladurie},
    title = {Une histoire sérielle du livre (XVe-XXe siècles)},
    journal = {Histoire, Economie, Société},
    year = 1995,
    language = {français},
    keywords = {art-crh, crh-1995}
    }

@article{Valensi5596-1995,
    author = {Valensi, Lucette},
    title = {Histoire nationale, histoire monumentale, <Vvi>Les Lieux de mémoire</Vvi> (note critique)},
    journal = {Annales. Histoire, Sciences Sociales,},
    year = 1995,
    language = {français},
    keywords = {art-crh, crh-1995}
    }

@article{Valensi5597-1995,
    author = {Valensi, Lucette},
    title = {Eloge de l'Orient, éloge de l'orientalisme. Le jeu d'échecs d'Anquetil-Duperron},
    journal = {Revue de l'Histoire des Religions,},
    year = 1995,
    language = {français},
    keywords = {art-crh, crh-1995}
    }

@article{Velay5602-1995,
    author = {Velay-Vallantin, Catherine},
    title = {Entre fiction et réalité. Le Petit Chaperon rouge et la Bête du Gévaudan},
    journal = {Gradhiva, Revue d'histoire et d'archives de l'anthropologie,},
    year = 1995,
    language = {français},
    keywords = {art-crh, crh-1995}
    }

@article{Vincent5609-1995,
    author = {Vincent, Bernard},
    title = {Les jésuites chroniqueurs : récits de la guerre des Alpujarras},
    journal = {Chronica nova,},
    year = 1995,
    language = {français},
    keywords = {art-crh, crh-1995}
    }

@article{Vincent5610-1995,
    author = {Vincent, Bernard},
    title = {Et quelques voix de plus : de Francisco Nuñez Muley à Fatima Ratal},
    journal = {Sharq al-Andalus,},
    year = 1995,
    language = {français},
    keywords = {art-crh, crh-1995}
    }

@article{Fabre5652-1995,
    author = {Fabre, Pierre-Antoine},
    title = {En quête d'un lieu. Remarques sur Le pèlerin de Lorette de Louis Richeôme},
    journal = {Genius Loci},
    year = 1995,
    language = {français},
    keywords = {art-crh, crh-1995}
    }

@book{Benoît4770-1995,
    author = {Benoît, Serge and J. Eidelman and G. Gablot and al.},
    title = {Parcours culturels à travers la recherche scientifique sur la Montagne Sainte-Geneviève, Promenade historique},
    publisher = {Musée Curie},
    series = {},
    location = {Paris},
    year = 1995,
    pagetotal = {},
    language = {français},
    keywords = {book-crh, crh-1995}
    }

@book{Boureau4844-1995,
    author = {Boureau, Alain},
    title = {Le Droit de cuissage. Histoire de la fabrication d'un mythe (XIIIème-XXème siècles)},
    publisher = {Albin Michel ("L'Evolution de l'humanité")},
    series = {},
    location = {Paris},
    year = 1995,
    pagetotal = {},
    language = {français},
    keywords = {book-crh, crh-1995}
    }

@book{Chartier4924-1995,
    author = {Chartier, Roger},
    title = {Forms and Meanings. Texts, Performances, and Audiences from Codex to Computer},
    publisher = {University of Pennsylvania Press},
    series = {},
    location = {Philadelphie},
    year = 1995,
    pagetotal = {},
    language = {anglais},
    keywords = {book-crh, crh-1995}
    }

@book{Chartier4925-1995,
    author = {Chartier, Roger},
    title = {Sociedad y escritura en la Edad moderna. La cultura como apropiacíon},
    publisher = {Instituto Mora},
    series = {},
    location = {México},
    year = 1995,
    pagetotal = {},
    language = {espagnol},
    keywords = {book-crh, crh-1995}
    }

@book{Chartier4926-1995,
    author = {Chartier, Roger},
    title = {Böckernas ordning. Läsare, författare och bibliotek i Europa mellan 1300-tal och 1700-tal},
    publisher = {Anamma},
    series = {},
    location = {Göteborg},
    year = 1995,
    pagetotal = {},
    language = {suédois},
    keywords = {book-crh, crh-1995}
    }

@book{Chartier4928-1995,
    author = {Chartier, Roger},
    title = {Espacio público, crítica y desacralización en el siglo XVIII. Los},
    publisher = {Editorial Gedisa},
    series = {},
    location = {Barcelone},
    year = 1995,
    pagetotal = {},
    language = {espagnol},
    keywords = {book-crh, crh-1995}
    }

@book{Dauphin5005-1995,
    author = {Dauphin-Memeteau, Cécile and P. Lebrun-Pézerat and D. Poublan},
    title = {Ces bonnes lettres. Une correspondance familiale au XIXe siècle},
    publisher = {Albin Michel},
    series = {},
    location = {Paris},
    year = 1995,
    pagetotal = {},
    language = {français},
    keywords = {book-crh, crh-1995}
    }

@book{Depeyrot5032-1995,
    author = {Depeyrot, Georges},
    title = {Les Monnaies d'or de Dioclétien à Constantin (284-337)},
    publisher = {},
    series = {},
    location = {Wetteren},
    year = 1995,
    pagetotal = {},
    language = {français},
    keywords = {book-crh, crh-1995}
    }

@book{Depeyrot5033-1995,
    author = {Depeyrot, Georges},
    title = {Histoire de la monnaie des origines au 18e siècle, Tome I, Introduction, de l'antiquité au treizième siècle},
    publisher = {},
    series = {},
    location = {Wetteren},
    year = 1995,
    pagetotal = {},
    language = {français},
    keywords = {book-crh, crh-1995}
    }

@book{Fridenson5168-1995,
    author = {Fridenson, Patrick and M. Lévy-Leboyer and V. Rostas},
    title = {Une Entreprise dans le siècle. Histoire du groupe Thomson},
    publisher = {Campus Thomson},
    series = {},
    location = {Jouy-en-Josas},
    year = 1995,
    pagetotal = {},
    language = {français},
    keywords = {book-crh, crh-1995}
    }

@book{Jorland5245-1995,
    author = {Jorland, Gérard},
    title = {Les Paradoxes du Capital},
    publisher = {Odile Jacob},
    series = {},
    location = {Paris},
    year = 1995,
    pagetotal = {},
    language = {français},
    keywords = {book-crh, crh-1995}
    }

@book{Julliard5270-1995,
    author = {Julliard, Jacques and Cl. Imbert},
    title = {La Droite et la gauche},
    publisher = {},
    series = {},
    location = {Paris},
    year = 1995,
    pagetotal = {},
    language = {français},
    keywords = {book-crh, crh-1995}
    }

@book{Julliard5271-1995,
    author = {Julliard, Jacques},
    title = {L'Année des dupes},
    publisher = {},
    series = {},
    location = {Paris},
    year = 1995,
    pagetotal = {},
    language = {français},
    keywords = {book-crh, crh-1995}
    }

@book{Julliard5272-1995,
    author = {Julliard, Jacques},
    title = {Pour la Bosnie},
    publisher = {},
    series = {},
    location = {Paris},
    year = 1995,
    pagetotal = {},
    language = {français},
    keywords = {book-crh, crh-1995}
    }

@book{Klapisch5277-1995,
    author = {Klapisch-Zuber, Christiane},
    title = {Das Haus, der Name, der Brautschatz. Strategien und Rituale im gesellschaftlichen Leben der Renaissance},
    publisher = {Campus},
    series = {},
    location = {Francfort},
    year = 1995,
    pagetotal = {},
    language = {allemand},
    keywords = {book-crh, crh-1995}
    }

@book{LeBras5307-1995,
    author = {Le Bras, Hervé},
    title = {Methodology used in the estimation and projection of adult illiteracy},
    publisher = {Unesco série Statistical issues STE-16 et STE-18},
    series = {},
    location = {Paris},
    year = 1995,
    pagetotal = {},
    language = {anglais},
    keywords = {book-crh, crh-1995}
    }

@book{LeRoyLadurie5342-1995,
    author = {Le Roy Ladurie, Emmanuel},
    title = {Le Siècle des Platter, (1499-1628), Le Mendiant et le professeur},
    publisher = {},
    series = {},
    location = {},
    year = 1995,
    pagetotal = {},
    language = {français},
    keywords = {book-crh, crh-1995}
    }

@book{Poublan5460-1995,
    author = {Poublan, Danièle and C. Dauphin-Memeteau and P. Lebrun-Pèzerat},
    title = {Ces bonnes lettres. Une correspondance familiale au XIXe siècle},
    publisher = {Albin Michel},
    series = {},
    location = {Paris},
    year = 1995,
    pagetotal = {},
    language = {français},
    keywords = {book-crh, crh-1995}
    }

@book{Schmitt5522-1995,
    author = {Schmitt, Jean-Claude},
    title = {Cod. Ross. 3 (1). Modi orandi sancti Dominici. Die Gebets- und Andachtsgesten des heiligen Dominikus. Eine Bilderhandschrift},
    publisher = {Belser Verlag},
    series = {},
    location = {Zürich},
    year = 1995,
    pagetotal = {},
    language = {allemand},
    keywords = {book-crh, crh-1995}
    }

@book{Seitz5567-1995,
    author = {Seitz, Frédéric},
    title = {L'Architecture métallique au XXè siècle},
    publisher = {Belin},
    series = {},
    location = {Paris},
    year = 1995,
    pagetotal = {},
    language = {français},
    keywords = {book-crh, crh-1995}
    }

@book{Seitz5568-1995,
    author = {Seitz, Frédéric},
    title = {Une Entreprise d'idée, l'Ecole spéciale d'architecture, 1865-1930},
    publisher = {Editions Picard},
    series = {},
    location = {Paris},
    year = 1995,
    pagetotal = {},
    language = {français},
    keywords = {book-crh, crh-1995}
    }

@inproceedings{Descimon111-1995,
    author = {Descimon, Robert},
    editor = {},
    title = {Juristes, science du droit et pouvoir d'Etat au temps de Galilée},
    booktitle = {Tribute to Galileo in Padua, Atti delle celebrazioni galileiane (1592-1992)},
    publisher = {},
    location = {Trieste},
    year = 1995,
    pagetotal = {25},
    language = {français},
    keywords = {inproceedings-crh, crh-1995}
    }

@inproceedings{Stella514-1995,
    author = {Stella, Alessandro},
    editor = {},
    title = {Nègre de Sa Majesté. A propos du rôle de l'esclavage en Andalousie au siècle d'or},
    booktitle = {Actas del II Congreso de Historia de Andalucia, Historia Moderna},
    publisher = {},
    location = {Cordoba},
    year = 1995,
    pagetotal = {19},
    language = {français},
    keywords = {inproceedings-crh, crh-1995}
    }

@inproceedings{Rucquoi836-1995,
    author = {Rucquoi, Adeline},
    editor = {},
    title = {La cofradia de la Santa Sangre de Brujas},
    booktitle = {Las cofradias de la Santa Vera Cruz, Actas del I Congreso internacional de Cofradias de la Santa Vera Cruz (Séville 1992)},
    publisher = {CEIRA-Universidad},
    location = {Séville},
    year = 1995,
    pagetotal = {10},
    language = {espagnol},
    keywords = {inproceedings-crh, crh-1995}
    }

@inproceedings{Froeschlé5057-1995,
    author = {Froeschlé-Chopard, Marie-Hélène},
    editor = {},
    title = {Les catéchismes dans quelques bibliothèques ecclésiastiques de Provence (XVIe-XVIIIe)},
    booktitle = {Catéchisme et Confessions de foi, Actes du XVIIIe colloque Jean Boisset, Montpellier 1995},
    publisher = {},
    location = {Montpellier},
    year = 1995,
    pagetotal = {25},
    language = {français},
    keywords = {inproceedings-crh, crh-1995}
    }

@inproceedings{Lepetit5334-1995,
    author = {Lepetit, Bernard},
    editor = {},
    title = {La larga duración en la actualidad},
    booktitle = {Segundas Jornadas braudelianas, Historia sociale,},
    publisher = {},
    location = {Mexico},
    year = 1995,
    pagetotal = {},
    language = {espagnol},
    keywords = {inproceedings-crh, crh-1995}
    }

@inproceedings{Hartog5625-1995,
    author = {Hartog, François},
    editor = {},
    title = {Faire le voyage d'Athènes : J.-J. Winckelmann et sa réception française},
    booktitle = {Entretiens de la Garenne-Lemot},
    publisher = {},
    location = {Nantes},
    year = 1995,
    pagetotal = {17},
    language = {français},
    keywords = {inproceedings-crh, crh-1995}
    }

@inreference{Baschet4756-1995,
    author = {Baschet, Jérôme},
    editor = {},
    title = {Article 'Giobbe'},
    booktitle = {Enciclopedia dell'arte medievale,},
    publisher = {},
    series = {},
    location = {},
    year = 1995,
    pagetotal = {4},
    language = {italien},
    keywords = {dict-crh, crh-1995}
    }

@inreference{Julliard5268-1995,
    author = {Julliard, Jacques},
    editor = {},
    title = {Préface},
    booktitle = {Encyclopédie Bordas,},
    publisher = {Bordas},
    series = {},
    location = {Paris},
    year = 1995,
    pagetotal = {4},
    language = {français},
    keywords = {dict-crh, crh-1995}
    }

@inreference{Mouradian5360-1995,
    author = {Mouradian, Claire},
    editor = {},
    title = {Article 'Arménie'},
    booktitle = {La Mémoire du siècle},
    publisher = {Bordas},
    series = {},
    location = {Paris},
    year = 1995,
    pagetotal = {},
    language = {français},
    keywords = {dict-crh, crh-1995}
    }

@inreference{Mouradian5361-1995,
    author = {Mouradian, Claire},
    editor = {},
    title = {Article 'Géorgie'},
    booktitle = {La Mémoire du siècle},
    publisher = {Bordas},
    series = {},
    location = {Paris},
    year = 1995,
    pagetotal = {},
    language = {français},
    keywords = {dict-crh, crh-1995}
    }

@inreference{Mouradian5362-1995,
    author = {Mouradian, Claire},
    editor = {},
    title = {Article 'Azerbaïdjan'},
    booktitle = {La Mémoire du siècle},
    publisher = {Bordas},
    series = {},
    location = {Paris},
    year = 1995,
    pagetotal = {},
    language = {français},
    keywords = {dict-crh, crh-1995}
    }

@inreference{Mouradian5363-1995,
    author = {Mouradian, Claire},
    editor = {},
    title = {Article 'Biélorussie'},
    booktitle = {La Mémoire du siècle},
    publisher = {Bordas},
    series = {},
    location = {Paris},
    year = 1995,
    pagetotal = {},
    language = {français},
    keywords = {dict-crh, crh-1995}
    }

@inreference{Mouradian5364-1995,
    author = {Mouradian, Claire},
    editor = {},
    title = {Article 'Moldavie'},
    booktitle = {La Mémoire du siècle},
    publisher = {Bordas},
    series = {},
    location = {Paris},
    year = 1995,
    pagetotal = {},
    language = {français},
    keywords = {dict-crh, crh-1995}
    }

@inreference{Mouradian5365-1995,
    author = {Mouradian, Claire},
    editor = {},
    title = {Article 'Ukraine'},
    booktitle = {La Mémoire du siècle},
    publisher = {Bordas},
    series = {},
    location = {Paris},
    year = 1995,
    pagetotal = {},
    language = {français},
    keywords = {dict-crh, crh-1995}
    }

@inreference{Mouradian5366-1995,
    author = {Mouradian, Claire},
    editor = {},
    title = {Article 'URSS-CEI'},
    booktitle = {La Mémoire du siècle},
    publisher = {Bordas},
    series = {},
    location = {Paris},
    year = 1995,
    pagetotal = {},
    language = {français},
    keywords = {dict-crh, crh-1995}
    }

@inreference{Mouradian5367-1995,
    author = {Mouradian, Claire},
    editor = {},
    title = {Article  'Russie'},
    booktitle = {La Mémoire du siècle},
    publisher = {Bordas},
    series = {},
    location = {Paris},
    year = 1995,
    pagetotal = {},
    language = {français},
    keywords = {dict-crh, crh-1995}
    }

@inreference{Pomian5446-1995,
    author = {Pomian, Krzysztof},
    editor = {J.-P. Azéma and F. Bédarida},
    title = {Totalitarisme},
    booktitle = {1938-1948 Les années de tourmente. Dictionnaire critique},
    publisher = {},
    series = {},
    location = {},
    year = 1995,
    pagetotal = {10},
    language = {français},
    keywords = {dict-crh, crh-1995}
    }

@proceedings{Dauphin1440-1995,
    editor = {Dauphin-Memeteau, Cécile and A.Farge},
    editortype = {dir.},
    title = {De la violence et des femmes},
    booktitle = {De la violence et des femmes},
    publisher = {Albin Michel},
    location = {Paris},
    year = 1995,
    pagetotal = {},
    language = {français},
    keywords = {proceedings-crh, crh-1995}
    }

@proceedings{Aymard4749-1995,
    editor = {Aymard, Maurice and P. Anderson and W. Barberis and P. Bairoch and C. Ginzburg},
    editortype = {dir.},
    title = {Storia d'Europa},
    booktitle = {Storia d'Europa},
    publisher = {},
    location = {},
    year = 1995,
    pagetotal = {},
    language = {italien},
    keywords = {proceedings-crh, crh-1995}
    }

@proceedings{Cerutti4879-1995,
    editor = {Cerutti, Simona and R. Descimon and M. Prak},
    editortype = {dir.},
    title = {Cittadinanze},
    booktitle = {Cittadinanze},
    publisher = {},
    location = {},
    year = 1995,
    pagetotal = {},
    language = {italien},
    keywords = {proceedings-crh, crh-1995}
    }

@proceedings{Chartier4929-1995,
    editor = {Chartier, Roger and G. Cavallo},
    editortype = {dir.},
    title = {Storia della lettura nel mondo Occidentale},
    booktitle = {Storia della lettura nel mondo Occidentale},
    publisher = {Editori Laterza},
    location = {Rome},
    year = 1995,
    pagetotal = {},
    language = {italien},
    keywords = {proceedings-crh, crh-1995}
    }

@proceedings{Chartier4930-1995,
    editor = {Chartier, Roger},
    editortype = {dir.},
    title = {Histoires de la lecture. Un bilan des recherches},
    booktitle = {Histoires de la lecture. Un bilan des recherches},
    publisher = {IMEC Editions et Editions de la Maison des Sciences de l'Homme},
    location = {Paris},
    year = 1995,
    pagetotal = {},
    language = {français},
    keywords = {proceedings-crh, crh-1995}
    }

@proceedings{Chartier4932-1995,
    editor = {Chartier, Roger and P. Ariès and G. Duby},
    editortype = {dir.},
    title = {Istoria vietii private, Vol. V et VI, De la Renastere la Epoca luminilor},
    booktitle = {Istoria vietii private, Vol. V et VI, De la Renastere la Epoca luminilor},
    publisher = {Editura Meridiane},
    location = {Bucarest},
    year = 1995,
    pagetotal = {},
    language = {roumain},
    keywords = {proceedings-crh, crh-1995}
    }

@proceedings{Cohen4993-1995,
    editor = {Cohen, Yves and R. Baudouï},
    editortype = {dir.},
    title = {Les Chantiers de la paix sociale. 1900-1940},
    booktitle = {Les Chantiers de la paix sociale. 1900-1940},
    publisher = {ENS-Editions Fontenay Saint-Cloud},
    location = {Fontenay-aux-Roses},
    year = 1995,
    pagetotal = {},
    language = {français},
    keywords = {proceedings-crh, crh-1995}
    }

@proceedings{Farge5123-1995,
    editor = {Farge, Arlette},
    editortype = {dir.},
    title = {Michel Foucault: autour des Dits et Ecrits},
    booktitle = {Michel Foucault: autour des Dits et Ecrits},
    publisher = {},
    location = {},
    year = 1995,
    pagetotal = {},
    language = {français},
    keywords = {proceedings-crh, crh-1995}
    }

@proceedings{Giard5188-1995,
    editor = {Giard, Luce},
    editortype = {dir.},
    title = {Les Jésuites à la Renaissance. Système éducatif et production du savoir},
    booktitle = {Les Jésuites à la Renaissance. Système éducatif et production du savoir},
    publisher = {},
    location = {Paris},
    year = 1995,
    pagetotal = {},
    language = {français},
    keywords = {proceedings-crh, crh-1995}
    }

@proceedings{Julia5254-1995,
    editor = {Julia, Dominique and J. Boutier},
    editortype = {dir.},
    title = {Passés recomposés. Champs et chantiers de l'histoire},
    booktitle = {Passés recomposés. Champs et chantiers de l'histoire},
    publisher = {Éditions Autrement},
    location = {Paris},
    year = 1995,
    pagetotal = {},
    language = {français},
    keywords = {proceedings-crh, crh-1995}
    }

@proceedings{LeBras5306-1995,
    editor = {Le Bras, Hervé and E. Malet},
    editortype = {dir.},
    title = {Les Libertés de la ville},
    booktitle = {Les Libertés de la ville},
    publisher = {},
    location = {Paris},
    year = 1995,
    pagetotal = {},
    language = {français},
    keywords = {proceedings-crh, crh-1995}
    }

@proceedings{Lepetit5328-1995,
    editor = {Lepetit, Bernard and C. Olmo},
    editortype = {dir.},
    title = {La Città e le sue storie},
    booktitle = {La Città e le sue storie},
    publisher = {Einaudi},
    location = {Turin},
    year = 1995,
    pagetotal = {},
    language = {italien},
    keywords = {proceedings-crh, crh-1995}
    }

@proceedings{Lepetit5329-1995,
    editor = {Lepetit, Bernard},
    editortype = {dir.},
    title = {Les Formes de l'expérience. Une autre histoire sociale},
    booktitle = {Les Formes de l'expérience. Une autre histoire sociale},
    publisher = {Albin Michel},
    location = {Paris},
    year = 1995,
    pagetotal = {},
    language = {français},
    keywords = {proceedings-crh, crh-1995}
    }

@proceedings{Mane5347-1995,
    editor = {Mane, Perrine and F. Piponnier},
    editortype = {dir.},
    title = {Se vêtir au Moyen Age},
    booktitle = {Se vêtir au Moyen Age},
    publisher = {Adam Biro},
    location = {Paris},
    year = 1995,
    pagetotal = {},
    language = {français},
    keywords = {proceedings-crh, crh-1995}
    }

@proceedings{Piponnier5420-1995,
    editor = {Piponnier, Françoise and P. Mane},
    editortype = {dir.},
    title = {Se vêtir au Moyen Âge},
    booktitle = {Se vêtir au Moyen Âge},
    publisher = {éd. Adam Biro},
    location = {Paris},
    year = 1995,
    pagetotal = {},
    language = {français},
    keywords = {proceedings-crh, crh-1995}
    }

@proceedings{Rucquoi5496-1995,
    editor = {Rucquoi, Adeline and N. Guglielmi},
    editortype = {dir.},
    title = {Le discours politique au Moyen Age},
    booktitle = {Le discours politique au Moyen Age},
    publisher = {PRIMED-CONICET-CNRS},
    location = {Buenos Aires},
    year = 1995,
    pagetotal = {},
    language = {français},
    keywords = {proceedings-crh, crh-1995}
    }

@proceedings{Vincent5611-1995,
    editor = {Vincent, Bernard and J. Béranger and J.-M. Bizière},
    editortype = {dir.},
    title = {Dictionnaire des biographies, tome IV, Le Monde moderne (vers 1480-1815)},
    booktitle = {Dictionnaire des biographies, tome IV, Le Monde moderne (vers 1480-1815)},
    publisher = {Armand Colin},
    location = {Paris},
    year = 1995,
    pagetotal = {},
    language = {français},
    keywords = {proceedings-crh, crh-1995}
    }

@proceedings{Vincent5612-1995,
    editor = {Vincent, Bernard and M. Barrios Aguilera},
    editortype = {dir.},
    title = {Granada 1492-1992},
    booktitle = {Granada 1492-1992},
    publisher = {},
    location = {Grenade},
    year = 1995,
    pagetotal = {},
    language = {espagnol},
    keywords = {proceedings-crh, crh-1995}
    }

@collection{Dewerpe5084-1995,
    author = {Dewerpe, Alain},
    editor = {},
    title = {Travailler chez Schneider},
    booktitle = {Les Schneider, Le Creusot. Une famille, une entreprise, une ville (1836-1960),},
    publisher = {Fayard/Réunion des musées nationaux},
    location = {Paris},
    year = 1995,
    pagetotal = {28},
    language = {français},
    keywords = {expo-crh, crh-1995}
    }

@collection{Pomian5444-1995,
    author = {Pomian, Krzysztof},
    editor = {S. Pagé},
    title = {L'art vivant, les collectionneurs et les musées},
    booktitle = {Passions privées. Catalogue d'exposition du Musée d'Art moderne de la ville de Paris},
    publisher = {},
    location = {Paris},
    year = 1995,
    pagetotal = {8},
    language = {français},
    keywords = {expo-crh, crh-1995}
    }

@incollection{Julia22-1995,
    author = {Julia, Dominique},
    editor = {Brigitte Maillard},
    title = {Les pèlerinages de Pierre Bernard, maître d'école amiénois (1730-1764)},
    booktitle = {Foi, fidélité, amitié en Europe à l'époque moderne. Mélanges offerts à Robert Sauzet},
    publisher = {Publications de l'université de Tours},
    location = {Tours},
    year = 1995,
    pagetotal = {19},
    language = {français},
    keywords = {melanges-crh, crh-1995}
    }

@incollection{Guerreau53-1995,
    author = {Guerreau, Alain},
    editor = {E. Mornet},
    title = {Remarques sur l'arpentage selon Bertrand Boysset (Arles, vers 1400-1410)},
    booktitle = {Etudes offertes à Robert Fossier},
    publisher = {},
    location = {Paris},
    year = 1995,
    pagetotal = {16},
    language = {français},
    keywords = {melanges-crh, crh-1995}
    }

@incollection{Loosfelt98-1995,
    author = {Loosfelt, Muriel},
    editor = {},
    title = {Le visage de la femme et le réalisme socialiste dans l'oeuvre de Roger Vailland, 1945-1953},
    booktitle = {De Russie et d'ailleurs. Feux croisés sur l'histoire. Pour Marc Ferro,},
    publisher = {Institut d'études slaves},
    location = {Paris},
    year = 1995,
    pagetotal = {},
    language = {français},
    keywords = {melanges-crh, crh-1995}
    }

@incollection{Milo119-1995,
    author = {Milo, Daniel},
    editor = {},
    title = {Epicerie, Parano, Iceberg (EPI)},
    booktitle = {De Russie et d'ailleurs : feux croisés sur l'histoire, Pour Marc Ferro,},
    publisher = {Institut d'études slaves},
    location = {Paris},
    year = 1995,
    pagetotal = {8},
    language = {français},
    keywords = {melanges-crh, crh-1995}
    }

@incollection{Vincent434-1995,
    author = {Vincent, Bernard},
    editor = {},
    title = {Le nonce et les morisques},
    booktitle = {Mélanges Louis Cardaillac},
    publisher = {},
    location = {Zaghouan},
    year = 1995,
    pagetotal = {4},
    language = {français},
    keywords = {melanges-crh, crh-1995}
    }

@incollection{Sigaut513-1995,
    author = {Sigaut, François},
    editor = {J.R. Pitte},
    title = {Considérations élémentaires sur la géographie des céréales dans l'Europe prémoderne},
    booktitle = {Géographie historique et culturelle de l'Europe, Hommage au professeur Xavier de Planhol,},
    publisher = {Presses de l'université de Paris-Sorbonne},
    location = {Paris},
    year = 1995,
    pagetotal = {27},
    language = {français},
    keywords = {melanges-crh, crh-1995}
    }

@incollection{Pomian581-1995,
    author = {Pomian, Krzysztof},
    editor = {M. Godet},
    title = {Musée : quintessence de l'Europe},
    booktitle = {De Russie et d'ailleurs. Pour Marc Ferro},
    publisher = {Institut d'études slavec},
    location = {Paris},
    year = 1995,
    pagetotal = {6},
    language = {français},
    keywords = {melanges-crh, crh-1995}
    }

@incollection{Burguière668-1995,
    author = {Burguière, André},
    editor = {?},
    title = {Processus de civilisation et processus national dans l'oeuvre de Norbert Elias},
    booktitle = {De Russie et d'ailleurs. feux croisés sur l'Histoire pour Marc Ferro,},
    publisher = {Institut d'études slaves},
    location = {Paris},
    year = 1995,
    pagetotal = {11},
    language = {français},
    keywords = {melanges-crh, crh-1995}
    }

@incollection{Scherrer757-1995,
    author = {Scherrer, Jutta},
    editor = {M.Godet},
    title = {La fin de l'intelligentsia russe ?},
    booktitle = {De Russie et d'ailleurs. Feux croisés sur l'histoire,},
    publisher = {Institut d'études slaves},
    location = {Paris},
    year = 1995,
    pagetotal = {9},
    language = {français},
    keywords = {melanges-crh, crh-1995}
    }

@incollection{Berlioz788-1995,
    author = {Berlioz, Jacques},
    editor = {},
    title = {L'exemplum homilétique},
    booktitle = {Comprendre le XIIIe siècle. Mélanges Marie-Thérèse Lorcin},
    publisher = {},
    location = {Lyon},
    year = 1995,
    pagetotal = {10},
    language = {français},
    keywords = {melanges-crh, crh-1995}
    }

@incollection{Revel790-1995,
    author = {Revel, Jacques},
    editor = {M.Godet},
    title = {Marie-Antoinette dans ses fictions : la mise en scène de la haine},
    booktitle = {De la Russie et d'ailleurs. Feux croisés sur l'histoire. Mélanges Marc Ferro},
    publisher = {Institut d'études slaves},
    location = {Paris},
    year = 1995,
    pagetotal = {16},
    language = {français},
    keywords = {melanges-crh, crh-1995}
    }

@incollection{Mouradian1517-1995,
    author = {Mouradian, Claire},
    editor = {},
    title = {Les peuples dans l'empire russe et soviétique à travers les caricatures: des nations en quête d'image},
    booktitle = {De Russie et d'ailleurs, Feux Croisés sur l'histoire, Mélanges offerts à Marc Ferro},
    publisher = {Institut d'études slaves},
    location = {Paris},
    year = 1995,
    pagetotal = {14},
    language = {français},
    keywords = {melanges-crh, crh-1995}
    }

@incollection{Delille1970-1995,
    author = {Delille, Gérard},
    editor = {},
    title = {La paix par les femmes},
    booktitle = {Alla Signorina. Mélanges offerts à Noëlle de la Blanchardière,},
    publisher = {Ecole française de Rome},
    location = {Rome},
    year = 1995,
    pagetotal = {23},
    language = {français},
    keywords = {melanges-crh, crh-1995}
    }

@incollection{Froeschlé5077-1995,
    author = {Froeschlé-Chopard, Marie-Hélène},
    editor = {},
    title = {Entre frères ennemis, les prêtres jansénistes de Montpellier, témoins de la vérité},
    booktitle = {Foi, fidélité, amitié en Europe à la période moderne, Mélanges offerts à Robert Sauzet},
    publisher = {},
    location = {Tours},
    year = 1995,
    pagetotal = {12},
    language = {français},
    keywords = {melanges-crh, crh-1995}
    }

@incollection{Guéry3-1995,
    author = {Guéry, Alain},
    editor = {B. Théret},
    title = {Fondements historiques des finances de l'Etat},
    booktitle = {L'Etat, la finance et le social. Souveraineté nationale et construction européenne},
    publisher = {La Découverte},
    location = {Paris},
    year = 1995,
    pagetotal = {21},
    language = {français},
    keywords = {collectif-crh, crh-1995}
    }

@incollection{Julia6-1995,
    author = {Julia, Dominique},
    editor = {G. Cavallo and R. Chartier},
    title = {Letture e Controriforma},
    booktitle = {Storia della lettura nel mondo occidentale},
    publisher = {Laterza},
    location = {Rome/Bari},
    year = 1995,
    pagetotal = {40},
    language = {italien},
    keywords = {collectif-crh, crh-1995}
    }

@incollection{Jouhaud15-1995,
    author = {Jouhaud, Christian},
    editor = {P. Carile and A.M. Mandich},
    title = {Histoire et littérature: du programme de Lanson au 'néo-historicisme'},
    booktitle = {Discorrere il metodo, Il contributo della francesistica agli studi metodologici},
    publisher = {},
    location = {Ferrare},
    year = 1995,
    pagetotal = {17},
    language = {français},
    keywords = {collectif-crh, crh-1995}
    }

@incollection{Julia16-1995,
    author = {Julia, Dominique},
    editor = {M. Depaepe and E.W. Johanningmeier and A. Novoa},
    title = {La culture scolaire comme objet historique},
    booktitle = {The Colonial Experience in Education. Historical Issues and Perspectives},
    publisher = {},
    location = {Gand},
    year = 1995,
    pagetotal = {30},
    language = {français},
    keywords = {collectif-crh, crh-1995}
    }

@incollection{Julia18-1995,
    author = {Julia, Dominique},
    editor = {D.Julia and J.Boutier},
    title = {La violence des foules : peut-on élucider l'inhumain ?},
    booktitle = {Passés recomposé recomposés. Champs et chantiers de l'histoire},
    publisher = {Autrement},
    location = {Paris},
    year = 1995,
    pagetotal = {16},
    language = {français},
    keywords = {collectif-crh, crh-1995}
    }

@incollection{Julia19-1995,
    author = {Julia, Dominique and J. Boutier},
    editor = {D.Julia and J.Boutier},
    title = {Ouverture. A quoi pensent les historiens ?},
    booktitle = {Passés recomposé recomposés. Champs et chantiers de l'histoire},
    publisher = {Autrement},
    location = {Paris},
    year = 1995,
    pagetotal = {41},
    language = {français},
    keywords = {collectif-crh, crh-1995}
    }

@incollection{Julia20-1995,
    author = {Julia, Dominique},
    editor = {B. Belhoste and A. Dahan Dalmedico and D. Pestre and A. Picon},
    title = {Le modèle méritocratique entre Ancien Régime et Révolution},
    booktitle = {La France des X. Deux siècles d'histoire},
    publisher = {Economica},
    location = {Paris},
    year = 1995,
    pagetotal = {18},
    language = {français},
    keywords = {collectif-crh, crh-1995}
    }

@incollection{Julia21-1995,
    author = {Julia, Dominique},
    editor = {F. Angiolini and D. Roche},
    title = {L'éducation des négociants en France au XVIIIe siècle},
    booktitle = {Cultures et formations négociantes dans l'Europe moderne},
    publisher = {EHESS},
    location = {Paris},
    year = 1995,
    pagetotal = {42},
    language = {français},
    keywords = {collectif-crh, crh-1995}
    }

@incollection{Green37-1995,
    author = {Green, Nancy},
    editor = {M. Godet},
    title = {Modes comparatifs dans le regard de l'autre : Récits de voyages chez Chateaubriand et Arthur Young,},
    booktitle = {De Russie et d'ailleurs : Mélanges Marc Ferro,},
    publisher = {Institut d'études slaves},
    location = {Paris},
    year = 1995,
    pagetotal = {12},
    language = {français},
    keywords = {collectif-crh, crh-1995}
    }

@incollection{Klapisch39-1995,
    author = {Klapisch-Zuber, Christiane},
    editor = {S. Toussaint},
    title = {Les femmes et la mort à la fin du Moyen Age},
    booktitle = {Ilaria del Carretto e il suo monumento. La donna nell'arte, la cultura e la società del '400},
    publisher = {Istituo storico lucchese},
    location = {Lucques},
    year = 1995,
    pagetotal = {15},
    language = {français},
    keywords = {collectif-crh, crh-1995}
    }

@incollection{Klapisch40-1995,
    author = {Klapisch-Zuber, Christiane},
    editor = {B. Lepetit},
    title = {La construction de l'identité sociale. Les magnats dans la Florence de la fin du Moyen Age},
    booktitle = {Les Formes de l'expérience. Une autre histoire sociale},
    publisher = {Albin Michel},
    location = {Paris},
    year = 1995,
    pagetotal = {14},
    language = {français},
    keywords = {collectif-crh, crh-1995}
    }

@incollection{Guerreau52-1995,
    author = {Guerreau, Alain},
    editor = {J. Thirion},
    title = {Observations métrologiques sur l'abbatiale Saint-Philibert de Tournus},
    booktitle = {Saint-Philibert de Tournus. Histoire, archéologie, art},
    publisher = {},
    location = {Tournus},
    year = 1995,
    pagetotal = {10},
    language = {français},
    keywords = {collectif-crh, crh-1995}
    }

@incollection{Gribaudi57-1995,
    author = {Gribaudi, Maurizio},
    editor = {B. Lepetit},
    title = {Les discontinuités du social. Un modèle configurationnel},
    booktitle = {Les Formes de l'expérience},
    publisher = {Albin Michel},
    location = {Paris},
    year = 1995,
    pagetotal = {39},
    language = {français},
    keywords = {collectif-crh, crh-1995}
    }

@incollection{Grenier63-1995,
    author = {Grenier, Jean-Yves},
    editor = {B. Lepetit},
    title = {Expliquer et comprendre. La construction du temps de l'histoire économique},
    booktitle = {Les Formes de l'expérience},
    publisher = {Albin Michel},
    location = {Paris},
    year = 1995,
    pagetotal = {25},
    language = {français},
    keywords = {collectif-crh, crh-1995}
    }

@incollection{Green65-1995,
    author = {Green, Nancy},
    editor = {B. Lepetit},
    title = {Classe et ethnicité, des catégories caduques de l'histoire sociale ?},
    booktitle = {Les Formes de l'expérience : Une autre histoire sociale,},
    publisher = {Albin Michel},
    location = {Paris},
    year = 1995,
    pagetotal = {22},
    language = {français},
    keywords = {collectif-crh, crh-1995}
    }

@incollection{Ducreux71-1995,
    author = {Ducreux-Lakits, Marie-Elisabeth},
    editor = {E. Saurer},
    title = {Männerbücher und Frauenbücher, Bücher für Männer und für Frauen. Überlegungen zur Andachtsliteratur des 18. Jahrhunderts in Böhmen},
    booktitle = {Die Religion der Geschlechter. Historische Aspekte religiöser Mentalitäten},
    publisher = {Köln/Böhlau},
    location = {Vienne/Weimar},
    year = 1995,
    pagetotal = {32},
    language = {allemand},
    keywords = {collectif-crh, crh-1995}
    }

@incollection{Dewerpe86-1995,
    author = {Dewerpe, Alain},
    editor = {G. Mori},
    title = {L'organizzazione del lavoro},
    booktitle = {Storia dell'Ansaldo. 2. La costruzione di una grande impresa, 1883-1902,},
    publisher = {Laterza},
    location = {Bari},
    year = 1995,
    pagetotal = {28},
    language = {italien},
    keywords = {collectif-crh, crh-1995}
    }

@incollection{Dewerpe116-1995,
    author = {Dewerpe, Alain},
    editor = {B. Lepetit},
    title = {L'exercice des conventions. Le cas de l'industrie navale française (fin XIXe-début XXe siècle)},
    booktitle = {Les Formes de l'expérience. Une autre histoire sociale,},
    publisher = {Albin Michel},
    location = {Paris},
    year = 1995,
    pagetotal = {28},
    language = {français},
    keywords = {collectif-crh, crh-1995}
    }

@incollection{Mane118-1995,
    author = {Mane, Perrine},
    editor = {M.S. Calo Mariani and R. Cassano},
    title = {L'Opus Ruralium Commodorum di Pietro de Crescenzi},
    booktitle = {Federico II, immagine e potere,},
    publisher = {},
    location = {Bari},
    year = 1995,
    pagetotal = {5},
    language = {italien},
    keywords = {collectif-crh, crh-1995}
    }

@incollection{Fauve156-1995,
    author = {Fauve-Chamoux, Antoinette},
    editor = {A. Eiras-Roel and O. Rey Castelao},
    title = {Female mobility and urban population in preindustrial France (1500-1900)},
    booktitle = {Internal Migrations and medium distance Migrations in Historical Europe},
    publisher = {CIDH},
    location = {Santiago de Compostelle},
    year = 1995,
    pagetotal = {29},
    language = {anglais},
    keywords = {collectif-crh, crh-1995}
    }

@incollection{LeBras177-1995,
    author = {Le Bras, Hervé},
    editor = {M. Gullestadt and M. Segalen},
    title = {La fécondité, condition de la perpétuation},
    booktitle = {La Famille en Europe},
    publisher = {La Découverte},
    location = {Paris},
    year = 1995,
    pagetotal = {23},
    language = {français},
    keywords = {collectif-crh, crh-1995}
    }

@incollection{LeBras189-1995,
    author = {Le Bras, Hervé},
    editor = {?},
    title = {L'Europe à la croisée des chemins démographiques},
    booktitle = {Les grands enjeux de la démographie en Europe},
    publisher = {Commission des Communautés Economiques},
    location = {Bruxelles},
    year = 1995,
    pagetotal = {31},
    language = {français},
    keywords = {collectif-crh, crh-1995}
    }

@incollection{Lepetit194-1995,
    author = {Lepetit, Bernard},
    editor = {J. Revel},
    title = {De l'échelle en histoire},
    booktitle = {Jeux d'échelle. La micro-analyse à l'expérience,},
    publisher = {Gallimard-Seuil},
    location = {Paris},
    year = 1995,
    pagetotal = {},
    language = {français},
    keywords = {collectif-crh, crh-1995}
    }

@incollection{Lepetit195-1995,
    author = {Lepetit, Bernard},
    editor = {P. Clark},
    title = {In Search of the Small Town in Early Nineteenth Century France},
    booktitle = {Small Towns in Early Modern Europe,},
    publisher = {Cambridge University Press/MSH},
    location = {Cambridge/Paris},
    year = 1995,
    pagetotal = {},
    language = {anglais},
    keywords = {collectif-crh, crh-1995}
    }

@incollection{Fabre197-1995,
    author = {Fabre, Pierre-Antoine},
    editor = {?},
    title = {Lieu de mémoire et paysage spirituel : les jardins du noviciat de Sant'Andrea del Quirinale selon la Peinture spirituelle de Louis Richeome},
    booktitle = {Les Jardins, art et lieu de mémoire},
    publisher = {Editions de l'imprimeur},
    location = {Besançon},
    year = 1995,
    pagetotal = {},
    language = {français},
    keywords = {collectif-crh, crh-1995}
    }

@incollection{Fabre199-1995,
    author = {Fabre, Pierre-Antoine},
    editor = {?},
    title = {L'expurgation des auteurs latins dans les collèges},
    booktitle = {Les Jésuites à la Renaissance. Production du savoir et système d'éducation},
    publisher = {PUF},
    location = {Paris},
    year = 1995,
    pagetotal = {},
    language = {français},
    keywords = {collectif-crh, crh-1995}
    }

@incollection{Lepetit202-1995,
    author = {Lepetit, Bernard},
    editor = {?},
    title = {Gli spazi delle citte},
    booktitle = {Storia d'Europa, IV, L'Età moderna,},
    publisher = {Einaudi},
    location = {Turin},
    year = 1995,
    pagetotal = {},
    language = {italien},
    keywords = {collectif-crh, crh-1995}
    }

@incollection{Lepetit227-1995,
    author = {Lepetit, Bernard},
    editor = {J.-L. Biget and J.-Cl. Hervé},
    title = {La ville moderne en France, essai d'histoire immédiate},
    booktitle = {Panoramas urbains. Situation de l'histoire des villes},
    publisher = {ENS de Fontenay-Saint-Cloud},
    location = {Paris},
    year = 1995,
    pagetotal = {},
    language = {français},
    keywords = {collectif-crh, crh-1995}
    }

@incollection{Schnapper242-1995,
    author = {Schnapper, Dominique},
    editor = {D. Martin-Castelnau},
    title = {Penser la 'préférence nationale'},
    booktitle = {Combattre le Front National,},
    publisher = {Editions Vinci},
    location = {Paris},
    year = 1995,
    pagetotal = {12},
    language = {français},
    keywords = {collectif-crh, crh-1995}
    }

@incollection{Seitz280-1995,
    author = {Seitz, Frédéric},
    editor = {?},
    title = {Les ponts et viaducs mobilisables, nouveautés introduites par Ernest Raymond Henry},
    booktitle = {Architetture dinamiche ponti e non solo ponti},
    publisher = {Celid},
    location = {Turin},
    year = 1995,
    pagetotal = {10},
    language = {français},
    keywords = {collectif-crh, crh-1995}
    }

@incollection{Schmitt285-1995,
    author = {Schmitt, Jean-Claude},
    editor = {M. Derwich},
    title = {La mémoire des Prémontrés. A propos de l''autobiographie' du Prémontré Hermann le Juif},
    booktitle = {La Vie quotidienne des moines et des chanoines réguliers},
    publisher = {},
    location = {Wroclaw},
    year = 1995,
    pagetotal = {14},
    language = {français},
    keywords = {collectif-crh, crh-1995}
    }

@incollection{Schmitt331-1995,
    author = {Schmitt, Jean-Claude},
    editor = {M. Tymovski},
    title = {Les revenants ou l'imaginaire comme lieu du pouvoir},
    booktitle = {Lieux du pouvoir au Moyen Age et à l'époque moderne},
    publisher = {Wydawnictwa Uniwersytetu Warszawskiego},
    location = {Varsovie},
    year = 1995,
    pagetotal = {9},
    language = {français},
    keywords = {collectif-crh, crh-1995}
    }

@incollection{Schmitt333-1995,
    author = {Schmitt, Jean-Claude},
    editor = {Leonard E.Boyle and J.C.Schmitt},
    title = {Die Gebets- und Andachtsgesten des heiligen Dominikus},
    booktitle = {Cod. Ross. 3 (1). Modi orandi sancti Dominici. Die Gebets- und Andachtsgesten des heiligen Dominikus. Eine Bilderhandschrift.},
    publisher = {Belser Verlag},
    location = {Zurich},
    year = 1995,
    pagetotal = {23},
    language = {allemand},
    keywords = {collectif-crh, crh-1995}
    }

@incollection{Schmitt334-1995,
    author = {Schmitt, Jean-Claude},
    editor = {N. Dodille and A. Dutu},
    title = {Imago : entre image et imaginaire},
    booktitle = {Culture et politique,},
    publisher = {L'Harmattan},
    location = {Paris},
    year = 1995,
    pagetotal = {14},
    language = {français},
    keywords = {collectif-crh, crh-1995}
    }

@incollection{Schmitt340-1995,
    author = {Schmitt, Jean-Claude},
    editor = {D. Bernuzzi De Sant'Anna},
    title = {A moral dos gestos},
    booktitle = {Politicas do Corpo. Elementos para uma historia das praticas corporais},
    publisher = {Estaçao Liberdade},
    location = {Sao Paulo},
    year = 1995,
    pagetotal = {22},
    language = {espagnol},
    keywords = {collectif-crh, crh-1995}
    }

@incollection{Schnapper360-1995,
    author = {Schnapper, Dominique},
    editor = {W. Bosswick and F. Heckmannn},
    title = {The significance of French immigration and integration policy},
    booktitle = {Migration policies : a comparative perspective, European Forum for Migration Studies, Bamberg 1994},
    publisher = {Enke},
    location = {Stuttgart},
    year = 1995,
    pagetotal = {14},
    language = {anglais},
    keywords = {collectif-crh, crh-1995}
    }

@incollection{Vincent435-1995,
    author = {Vincent, Bernard},
    editor = {M. Barrios Aguilera and B. Vincent},
    title = {1492 : la fractura},
    booktitle = {Granada 1492-1992},
    publisher = {},
    location = {Grenade},
    year = 1995,
    pagetotal = {11},
    language = {espagnol},
    keywords = {collectif-crh, crh-1995}
    }

@incollection{Velay465-1995,
    author = {Velay-Vallantin, Catherine},
    editor = {G. Huot},
    title = {Pour une nouvelle approche du folklore québecois : de l'entreprise de Benoît Lacroix},
    booktitle = {Dits et gestes de Benoît Lacroix,},
    publisher = {},
    location = {Montréal},
    year = 1995,
    pagetotal = {5},
    language = {français},
    keywords = {collectif-crh, crh-1995}
    }

@incollection{Velay472-1995,
    author = {Velay-Vallantin, Catherine},
    editor = {G. Bouchard and M. Ségalen},
    title = {Conteurs, éditeurs et folkloristes : le conte entre la France et le Québec aux XIXe et XXe siècles},
    booktitle = {Dynamiques culturelles interrégionales au Québec et en France, construction d'une enquête,},
    publisher = {},
    location = {Chicoutimi},
    year = 1995,
    pagetotal = {13},
    language = {français},
    keywords = {collectif-crh, crh-1995}
    }

@incollection{Sigaut494-1995,
    author = {Sigaut, François},
    editor = {C. Billen and J.-P. Devroey and J.-J. Van Mol},
    title = {De l'écobuage au pain d'épices, quelques questions sur l'histoire du seigle},
    booktitle = {Le Seigle, Secale cereale,},
    publisher = {},
    location = {Treignes (Belgique)},
    year = 1995,
    pagetotal = {40},
    language = {français},
    keywords = {collectif-crh, crh-1995}
    }

@incollection{Sigaut499-1995,
    author = {Sigaut, François},
    editor = {B. Lizet and G. Ravis-Giordani},
    title = {Le Monothéisme et les animaux},
    booktitle = {Des Bêtes et des hommes},
    publisher = {Editions du CTHS},
    location = {Paris},
    year = 1995,
    pagetotal = {12},
    language = {français},
    keywords = {collectif-crh, crh-1995}
    }

@incollection{Sigaut501-1995,
    author = {Sigaut, François},
    editor = {E. Horändner},
    title = {Les millets en Eurasie},
    booktitle = {Millet-Hirse-Millet},
    publisher = {Peter Lang},
    location = {Berne},
    year = 1995,
    pagetotal = {21},
    language = {français},
    keywords = {collectif-crh, crh-1995}
    }

@incollection{Pomian579-1995,
    author = {Pomian, Krzysztof},
    editor = {?},
    title = {Sur Octobre 1956 (O Pazdzierniku)},
    booktitle = {Un livre pour Jacek. Pour le soixantième anniversaire de Jacek Kuron (Ksiazka dla Jacka. W szescdziesiata rocznice urodzin Jacka Kuronia)},
    publisher = {Fundacjca Nowej},
    location = {Varsovie},
    year = 1995,
    pagetotal = {7},
    language = {polonais},
    keywords = {collectif-crh, crh-1995}
    }

@incollection{Pomian582-1995,
    author = {Pomian, Krzysztof},
    editor = {G.Herling-Grudzinski},
    title = {Manicheizm na uzytek naszych czasow (Un manichéisme à l'usage de notre temps)},
    booktitle = {Dziennik pisany noca 1971-1972 (Journal écrit la nuit)},
    publisher = {Czytelnik},
    location = {Varsovie},
    year = 1995,
    pagetotal = {9},
    language = {polonais},
    keywords = {collectif-crh, crh-1995}
    }

@incollection{Bourdelais588-1995,
    author = {Bourdelais, Patrice},
    editor = {P. Ansart and A.-M. Guillemard and J. Légaré},
    title = {Le seuil d'entrée dans la vieillesse : le poids de l'histoire},
    booktitle = {Entre travail, retraite et vieillesse : le grand écart},
    publisher = {L'Harmattan},
    location = {Paris},
    year = 1995,
    pagetotal = {25},
    language = {français},
    keywords = {collectif-crh, crh-1995}
    }

@incollection{Schmitt609-1995,
    author = {Schmitt, Jean-Claude},
    editor = {Michel Winock},
    title = {A la droite du Père},
    booktitle = {La Droite depuis 1789. Les hommes, les idées, les réseaux. (},
    publisher = {Seuil},
    location = {Paris},
    year = 1995,
    pagetotal = {4},
    language = {français},
    keywords = {collectif-crh, crh-1995}
    }

@incollection{Beutler616-1995,
    author = {Beutler, Corinne},
    editor = {C. Billen and J.-P. Devroey and J.-J. Van Mol},
    title = {Identification et culture du seigle dans le sud de l'Europe au XVIe siècle},
    booktitle = {Le Seigle, Secale cereale,},
    publisher = {},
    location = {Treignes (Belgique)},
    year = 1995,
    pagetotal = {28},
    language = {français},
    keywords = {collectif-crh, crh-1995}
    }

@incollection{Postel621-1995,
    author = {Postel-Vinay, Gilles and M. Aymard},
    editor = {B. Théret},
    title = {L'État et les marchés},
    booktitle = {L'Etat, la finance et le social},
    publisher = {La découverte},
    location = {Paris},
    year = 1995,
    pagetotal = {},
    language = {français},
    keywords = {collectif-crh, crh-1995}
    }

@incollection{Bonnain625-1995,
    author = {Bonnain-Dulon, Rolande},
    editor = {?},
    title = {Un emblème disputé},
    booktitle = {Mille et une bouches. Cuisines et identités},
    publisher = {},
    location = {},
    year = 1995,
    pagetotal = {6},
    language = {français},
    keywords = {collectif-crh, crh-1995}
    }

@incollection{Bonnain638-1995,
    author = {Bonnain-Dulon, Rolande},
    editor = {N. Eizner},
    title = {L'alimentation : des topographies médicales du XVIIIe siècle aux recherches actuelles},
    booktitle = {Voyage en alimentation},
    publisher = {ARF éditions},
    location = {Paris},
    year = 1995,
    pagetotal = {9},
    language = {français},
    keywords = {collectif-crh, crh-1995}
    }

@incollection{PoloDeBeaulieu666-1995,
    author = {Polo De Beaulieu, Marie-Anne and J. Berlioz},
    editor = {?},
    title = {Les prologues des recueils d'exempla (XIIIe-XIVe s.) : une grille d'analyse},
    booktitle = {La predicazione dei Frati dalla meta del '200 alla fine del '300,},
    publisher = {Centro italiano di studi sull'alto medioevo},
    location = {Spolète},
    year = 1995,
    pagetotal = {30},
    language = {français},
    keywords = {collectif-crh, crh-1995}
    }

@incollection{Burguière670-1995,
    author = {Burguière, André},
    editor = {. Bédarida},
    title = {L'Anthropologie historique},
    booktitle = {L'Histoire et le métier d'historien en France, 1945-1995,},
    publisher = {MSH},
    location = {Paris},
    year = 1995,
    pagetotal = {16},
    language = {français},
    keywords = {collectif-crh, crh-1995}
    }

@incollection{Burguière671-1995,
    author = {Burguière, André},
    editor = {B. Lepetit},
    title = {Le changement social : brève histoire d'un concept},
    booktitle = {Les Formes de l'expérience : une autre histoire sociale,},
    publisher = {Albin Michel},
    location = {Paris},
    year = 1995,
    pagetotal = {20},
    language = {français},
    keywords = {collectif-crh, crh-1995}
    }

@incollection{Burguière678-1995,
    author = {Burguière, André},
    editor = {C. Barros},
    title = {L'Anthropologie historique et l'Ecole des Annales},
    booktitle = {Historia a debate},
    publisher = {},
    location = {Saint-Jacques de Compostelle},
    year = 1995,
    pagetotal = {12},
    language = {français},
    keywords = {collectif-crh, crh-1995}
    }

@incollection{Boureau685-1995,
    author = {Boureau, Alain},
    editor = {C. Barros},
    title = {Histoire et psychologie},
    booktitle = {Historia a debate, Otros enfoques},
    publisher = {},
    location = {Santiago de Compostela},
    year = 1995,
    pagetotal = {9},
    language = {français},
    keywords = {collectif-crh, crh-1995}
    }

@incollection{Pomian688-1995,
    author = {Pomian, Krzysztof},
    editor = {E. Pommier},
    title = {Leçons italiennes : les musées vus par les voyageurs français au XVIIIe siècle},
    booktitle = {Les Musées en Europe à la veille de l'ouverture du Louvre},
    publisher = {Musée du Louvre/Klincksieck},
    location = {Paris},
    year = 1995,
    pagetotal = {27},
    language = {français},
    keywords = {collectif-crh, crh-1995}
    }

@incollection{Boureau692-1995,
    author = {Boureau, Alain},
    editor = {?},
    title = {Miracle, volonté et imagination : la mutation scolastique},
    booktitle = {Miracles, merveilles et prodiges au Moyen Age},
    publisher = {Publications de la Sorbonne},
    location = {Paris},
    year = 1995,
    pagetotal = {14},
    language = {français},
    keywords = {collectif-crh, crh-1995}
    }

@incollection{Boureau698-1995,
    author = {Boureau, Alain},
    editor = {F. Alvarez-Péreyre},
    title = {Le fidèle et le citoyen: généalogie religieuse du contrat social dans le monde scolastique (XIIIe siècle)},
    booktitle = {Le Politique et le Religieux. Essais théoriques et comparatifs},
    publisher = {Cahiers du Centre de recherche français de Jérusalem},
    location = {Jérusalem},
    year = 1995,
    pagetotal = {12},
    language = {français},
    keywords = {collectif-crh, crh-1995}
    }

@incollection{Bourguet705-1995,
    author = {Bourguet, Marie-Noëlle},
    editor = {B. Belhoste and A. Dahan Dalmonico and D. Pestre and A. Picon},
    title = {Voyage, enquête, statistique : les polytechniciens et la construction de l'espace dans la première moitié du 19e siècle},
    booktitle = {La France des X Deux siècles d'histoire},
    publisher = {Economica},
    location = {Paris},
    year = 1995,
    pagetotal = {16},
    language = {français},
    keywords = {collectif-crh, crh-1995}
    }

@incollection{Schaub728-1995,
    author = {Schaub, Jean-Frédéric},
    editor = {C. Barros},
    title = {L'histoire politique sans l'Etat : mutations et reformulations},
    booktitle = {Historia A Debate},
    publisher = {},
    location = {Saint-Jacques de Compostelle},
    year = 1995,
    pagetotal = {19},
    language = {français},
    keywords = {collectif-crh, crh-1995}
    }

@incollection{Rucquoi733-1995,
    author = {Rucquoi, Adeline},
    editor = {N. Guglielmi and A. Rucquoi},
    title = {Démocratie ou monarchie. Le discours politique dans l'université castillane au XVe siècle},
    booktitle = {Le Discours politique au Moyen Age},
    publisher = {},
    location = {Buenos Aires},
    year = 1995,
    pagetotal = {23},
    language = {français},
    keywords = {collectif-crh, crh-1995}
    }

@incollection{Béaur736-1995,
    author = {Béaur, Gérard},
    editor = {C.I. Brelot},
    title = {La noblesse et l'immobilier : le cas d'Aix-en-Provence entre 1770 et 1810},
    booktitle = {Noblesses et villes},
    publisher = {Université de Tours-Maison des Sciences de la ville},
    location = {Tours},
    year = 1995,
    pagetotal = {12},
    language = {français},
    keywords = {collectif-crh, crh-1995}
    }

@incollection{Aymard740-1995,
    author = {Aymard, Maurice},
    editor = {Cl. Attias-Donfut},
    title = {Les familles, encore et toujours},
    booktitle = {Les Solidarités entre générations. Vieillesse, Familles, Etat},
    publisher = {Nathan},
    location = {Paris},
    year = 1995,
    pagetotal = {10},
    language = {français},
    keywords = {collectif-crh, crh-1995}
    }

@incollection{Andreau771-1995,
    author = {Andreau, Jean},
    editor = {P. Roberts and S. Walker and J. Swaddling},
    title = {Italy, Europe and the Mediterranean : Relations in banking and business during the last centuries B.C.},
    booktitle = {Italy in Europe: Economic Relations, 700 B.C.-A.D. 50},
    publisher = {British Museum},
    location = {Londres},
    year = 1995,
    pagetotal = {8},
    language = {anglais},
    keywords = {collectif-crh, crh-1995}
    }

@incollection{Scherrer777-1995,
    author = {Scherrer, Jutta},
    editor = {?},
    title = {M. Gor'kij i A. Bogdanov (Istorija otnoscenij po materialam perepiski 1908-1910 gg.)},
    booktitle = {Neizvestnyj Gor'kij. Materialy i issledovanija,},
    publisher = {},
    location = {Moscou},
    year = 1995,
    pagetotal = {8},
    language = {russe},
    keywords = {collectif-crh, crh-1995}
    }

@incollection{Andreau781-1995,
    author = {Andreau, Jean},
    editor = {M. Aglietta and A. Orléan},
    title = {Le cens et les censeurs à Rome sous les rois étrusques et à l'époque républicaine (VIe-Ier siècles av. J.-C.)},
    booktitle = {Souveraineté, légitimité de la monnaie},
    publisher = {AEF-CREA},
    location = {Paris},
    year = 1995,
    pagetotal = {42},
    language = {français},
    keywords = {collectif-crh, crh-1995}
    }

@incollection{Revel786-1995,
    author = {Revel, Jacques},
    editor = {B. Lepetit},
    title = {L'institution et le social},
    booktitle = {Les Formes de l'expérience},
    publisher = {Albin Michel},
    location = {Paris},
    year = 1995,
    pagetotal = {22},
    language = {français},
    keywords = {collectif-crh, crh-1995}
    }

@incollection{Prochasson805-1995,
    author = {Prochasson, Christophe},
    editor = {C. Barros},
    title = {Vingt ans d'histoire politique en France},
    booktitle = {Historia a debate},
    publisher = {HAD},
    location = {La Corogne},
    year = 1995,
    pagetotal = {7},
    language = {français},
    keywords = {collectif-crh, crh-1995}
    }

@incollection{Prochasson806-1995,
    author = {Prochasson, Christophe},
    editor = {B. Ménager and J-F. Sirinelli and J. Vavasseur-Desperriers},
    title = {Entre hellénisme et socialisme : le 'cas Bracke'},
    booktitle = {Cent ans de socialisme septentrional},
    publisher = {Université de Lille III},
    location = {Villeneuve d'Ascq},
    year = 1995,
    pagetotal = {24},
    language = {français},
    keywords = {collectif-crh, crh-1995}
    }

@incollection{Schmitt807-1995,
    author = {Schmitt, Jean-Claude},
    editor = {?},
    title = {Cendrillon crucifiée. A propos du Volto Santo de Lucques},
    booktitle = {Miracles, Prodiges et Merveilles au Moyen Age,},
    publisher = {Publications de la Sorbonne},
    location = {Paris},
    year = 1995,
    pagetotal = {30},
    language = {français},
    keywords = {collectif-crh, crh-1995}
    }

@incollection{Revel813-1995,
    author = {Revel, Jacques},
    editor = {J. Boutier and D. Julia},
    title = {Histoire et sciences sociales : une confrontation instable},
    booktitle = {Passés recomposés. Champs et chantiers de l'histoire},
    publisher = {Autrement},
    location = {Paris},
    year = 1995,
    pagetotal = {13},
    language = {français},
    keywords = {collectif-crh, crh-1995}
    }

@incollection{Berlioz816-1995,
    author = {Berlioz, Jacques and M.-A. Polo de Beaulieu},
    editor = {?},
    title = {Les prologues des recueils d'exempla (XIIIe-XIVe siècles). Une grille d'analyse},
    booktitle = {La Predicazione dei Frati dalla metà del '200 alla fine del '300},
    publisher = {Centro italiano di Studi sull'alto medioevo},
    location = {Spolete},
    year = 1995,
    pagetotal = {32},
    language = {français},
    keywords = {collectif-crh, crh-1995}
    }

@incollection{Rucquoi837-1995,
    author = {Rucquoi, Adeline},
    editor = {?},
    title = {Las oligarquias urbanas y las primeras burguesias en Castilla},
    booktitle = {El Tratado de' Tordesillas y su época. Congreso Internacional de Historia.},
    publisher = {Junta de Castilla y Leon},
    location = {Valladolid},
    year = 1995,
    pagetotal = {25},
    language = {espagnol},
    keywords = {collectif-crh, crh-1995}
    }

@incollection{Rucquoi845-1995,
    author = {Rucquoi, Adeline},
    editor = {A. Garcia Simon and E. Wattenberg},
    title = {Valladolid en el siglo XV y la fundacion del monasterio del Prado},
    booktitle = {El monasterio de Nuestra Senora de Prado},
    publisher = {Junta de Castilla y Leon},
    location = {Valladolid},
    year = 1995,
    pagetotal = {49},
    language = {espagnol},
    keywords = {collectif-crh, crh-1995}
    }

@incollection{Amiel855-1995,
    author = {Amiel, Charles},
    editor = {A. Alcalá},
    title = {El criptojudaismo castellano en la Mancha a finales del siglo XVI},
    booktitle = {Judios. Sefarditas. Conversos. La explusion de 1492 y sus consecuencias},
    publisher = {},
    location = {Valladolid},
    year = 1995,
    pagetotal = {},
    language = {espagnol},
    keywords = {collectif-crh, crh-1995}
    }

@incollection{Mouradian1516-1995,
    author = {Mouradian, Claire},
    editor = {U. Halbach-A. Kappeler},
    title = {Die armenische Nationalbewegung im Osmanischen und Russischen Reich bis zum Ersten Weltkrieg},
    booktitle = {Krisenherd Kaukasus},
    publisher = {Nomos Verlagsgesellschaft},
    location = {Baden-Baden},
    year = 1995,
    pagetotal = {14},
    language = {allemand},
    keywords = {collectif-crh, crh-1995}
    }

@incollection{Cohen1526-1995,
    author = {Cohen, Yves},
    editor = {B. Belhoste and A. Dahan-Dalmenico and D. Pestre and A. Picon},
    title = {Les polytechniciens dans le discours sur le commandement (1891-1940)},
    booktitle = {La France des X. Deux siècles d'histoire},
    publisher = {Economica},
    location = {Paris},
    year = 1995,
    pagetotal = {12},
    language = {français},
    keywords = {collectif-crh, crh-1995}
    }

@incollection{Dakhlia1538-1995,
    author = {Dakhlia, Jocelyne},
    editor = {B. Lepetit},
    title = {La question des lieux communs. Des modèles de souveraineté dans l'Islam méditerranéen},
    booktitle = {Les Formes de l'expérience},
    publisher = {Albin Michel},
    location = {Paris},
    year = 1995,
    pagetotal = {23},
    language = {français},
    keywords = {collectif-crh, crh-1995}
    }

@incollection{Dakhlia1611-1995,
    author = {Dakhlia, Jocelyne},
    editor = {A. El Moudden},
    title = {Une légitimité 'flottante' : Fête du Sacrifice et Mawlid au Maghreb et dans l'Empire ottoman},
    booktitle = {Le Maghreb et l'Empire ottoman},
    publisher = {},
    location = {Rabat},
    year = 1995,
    pagetotal = {12},
    language = {français},
    keywords = {collectif-crh, crh-1995}
    }

@incollection{Cohen1674-1995,
    author = {Cohen, Yves},
    editor = {M.-A. Bernardis and B. Hagene},
    title = {L'industrie et la mesure : un point d'histoire},
    booktitle = {Mesures et démesure},
    publisher = {Editions de la cité des sciences et de l'industrie},
    location = {Paris},
    year = 1995,
    pagetotal = {},
    language = {français},
    keywords = {collectif-crh, crh-1995}
    }

@incollection{Demelas1825-1995,
    author = {Demelas, Marie-Danièle},
    editor = {E. Nissan.Et K. Schmidt},
    title = {Instability, Networks and Political Parties. A Political History Expert System Prototype},
    booktitle = {From Information to Knowledge},
    publisher = {Intelligent Books},
    location = {Oxford},
    year = 1995,
    pagetotal = {38},
    language = {anglais},
    keywords = {collectif-crh, crh-1995}
    }

@incollection{Chartier2183-1995,
    author = {Chartier, Roger},
    editor = {?},
    title = {L'Histoire Culturelle entre 'Linguistic Turn' et Retour au Sujet},
    booktitle = {Wege zu einer neuen Kulturgeschichte. Mit Beiträgen von Rudolf Vierhaus und Roger Chartier},
    publisher = {Wallstein Verlag},
    location = {Göttingen},
    year = 1995,
    pagetotal = {30},
    language = {français},
    keywords = {collectif-crh, crh-1995}
    }

@incollection{Chartier2303-1995,
    author = {Chartier, Roger},
    editor = {A. Petrucci and F. M. Gimeno Blay},
    title = {Lectures, lecteurs et littératures 'populaires' en Europe à la Renaissance},
    booktitle = {Escribir y leer en Occidente},
    publisher = {},
    location = {Valence},
    year = 1995,
    pagetotal = {18},
    language = {français},
    keywords = {collectif-crh, crh-1995}
    }

@incollection{Chartier2313-1995,
    author = {Chartier, Roger},
    editor = {?},
    title = {Sociétés de lecture et cabinets de lecture en Europe au XVIIIe siècle. Essai de typologie},
    booktitle = {Sociétés et cabinets de lecture entre Lumières et Romantisme},
    publisher = {Société de lecture},
    location = {Genève},
    year = 1995,
    pagetotal = {14},
    language = {français},
    keywords = {collectif-crh, crh-1995}
    }

@incollection{Chartier2353-1995,
    author = {Chartier, Roger},
    editor = {R. Howard Bloch and C. Hess},
    title = {Libraries Without Walls},
    booktitle = {Future Libraries},
    publisher = {University of California},
    location = {Berkeley},
    year = 1995,
    pagetotal = {15},
    language = {anglais},
    keywords = {collectif-crh, crh-1995}
    }

@incollection{Chartier2370-1995,
    author = {Chartier, Roger},
    editor = {H. Botalla and C. Godoy and and E. Hourcade},
    title = {Diálogo a propósito de la historia cultural. Pierre Bourdieu, Roger Chartier y Robert Darnton},
    booktitle = {Luz y contraluz de una historia antropológica},
    publisher = {Editoria Biblos},
    location = {Buenos Aires},
    year = 1995,
    pagetotal = {17},
    language = {espagnol},
    keywords = {collectif-crh, crh-1995}
    }

@incollection{Chartier2371-1995,
    author = {Chartier, Roger},
    editor = {H. Botalla and C. Godoy and and E. Hourcade},
    title = {Textos, símbolos y 'Frenchness'. Usos históricos de la antroplogía simbólica},
    booktitle = {Luz y contraluz de una historia antropológica},
    publisher = {Editoria Biblos},
    location = {Buenos Aires},
    year = 1995,
    pagetotal = {15},
    language = {espagnol},
    keywords = {collectif-crh, crh-1995}
    }

@incollection{Chartier2372-1995,
    author = {Chartier, Roger},
    editor = {C. Barros},
    title = {L'histoire aujourd'hui : doutes, défis, propositions},
    booktitle = {Historia A Debate},
    publisher = {},
    location = {Santiago de Compostela},
    year = 1995,
    pagetotal = {12},
    language = {français},
    keywords = {collectif-crh, crh-1995}
    }

@incollection{Chartier2373-1995,
    author = {Chartier, Roger},
    editor = {F. Bédarida},
    title = {Philosophie et histoire : un dialogue},
    booktitle = {L'Histoire et le métier d'historien en France 1945-1995},
    publisher = {MSH},
    location = {Paris},
    year = 1995,
    pagetotal = {21},
    language = {français},
    keywords = {collectif-crh, crh-1995}
    }

@incollection{Chartier2411-1995,
    author = {Chartier, Roger},
    editor = {H. E. Bödeker},
    title = {De l'histoire du livre à l'histoire de la lecture: les trajectoires françaises},
    booktitle = {Histoires du livre. Nouvelles orientations},
    publisher = {IMEC/MSH},
    location = {Paris},
    year = 1995,
    pagetotal = {23},
    language = {français},
    keywords = {collectif-crh, crh-1995}
    }

@incollection{Chartier2423-1995,
    author = {Chartier, Roger},
    editor = {R.Chartier},
    title = {Lecteurs dans la longue durée: du codex à l'écran},
    booktitle = {Histoires de la lecture. Un bilan des recherches},
    publisher = {IMEC/MSH},
    location = {Paris},
    year = 1995,
    pagetotal = {13},
    language = {français},
    keywords = {collectif-crh, crh-1995}
    }

@incollection{Ozouf2424-1995,
    author = {Ozouf, Mona},
    editor = {J.Y.Mollier and P.Ory},
    title = {L'instituteur},
    booktitle = {Pierre Larousse et son temps,},
    publisher = {Larousse},
    location = {Paris},
    year = 1995,
    pagetotal = {8},
    language = {français},
    keywords = {collectif-crh, crh-1995}
    }

@incollection{Chartier2458-1995,
    author = {Chartier, Roger},
    editor = {R.Chartier and G.Cavallo},
    title = {Letture e lettori 'popolari' dal Rinascimento al Settecento},
    booktitle = {Storia della lettura nel mondo Occidentale, ibid.,},
    publisher = {Laterza},
    location = {Rome},
    year = 1995,
    pagetotal = {19},
    language = {italien},
    keywords = {collectif-crh, crh-1995}
    }

@incollection{Chartier2487-1995,
    author = {Chartier, Roger},
    editor = {?},
    title = {Modèles de l'homme de lettres},
    booktitle = {Philosophes, écrivains et lecteurs en Europe au XVIIIe siècle},
    publisher = {Presses universitaires de Valenciennes},
    location = {Valenciennes},
    year = 1995,
    pagetotal = {12},
    language = {français},
    keywords = {collectif-crh, crh-1995}
    }

@incollection{Pesez2498-1995,
    author = {Pesez, Jean-Marie},
    editor = {?},
    title = {Castello San Pietro},
    booktitle = {Federico e la Sicilia dalla alla corona},
    publisher = {Ediprint},
    location = {Palerme},
    year = 1995,
    pagetotal = {8},
    language = {italien},
    keywords = {collectif-crh, crh-1995}
    }

@incollection{Cerutti2528-1995,
    author = {Cerutti, Simona},
    editor = {B. Lepetit},
    title = {Normes et pratiques, ou de la légitimité de leur opposition},
    booktitle = {Les Formes de l'expérience. Une autre histoire sociale,},
    publisher = {Albin Michel},
    location = {Paris},
    year = 1995,
    pagetotal = {23},
    language = {français},
    keywords = {collectif-crh, crh-1995}
    }

@incollection{Carrié2577-1995,
    author = {Carrié, Jean-Michel},
    editor = {?},
    title = {L'Etat à la recherche de nouveaux modes de financement des armée (Rome et Byzance, IVe-VIIIe siècle)},
    booktitle = {The Byzantine and Early Islamic Near East III. States, Ressources and Armies},
    publisher = {},
    location = {Princeton},
    year = 1995,
    pagetotal = {33},
    language = {français},
    keywords = {collectif-crh, crh-1995}
    }

@incollection{Carrié2578-1995,
    author = {Carrié, Jean-Michel},
    editor = {A. Rousselle},
    title = {1993 : ouverture des frontières romaines ?},
    booktitle = {Frontières terrestres et frontières célestes dans l'Antiquité},
    publisher = {},
    location = {Perpignan},
    year = 1995,
    pagetotal = {23},
    language = {français},
    keywords = {collectif-crh, crh-1995}
    }

@incollection{Cerutti2579-1995,
    author = {Cerutti, Simona},
    editor = {J. Boutier and D. Julia},
    title = {La construction des catégories sociales},
    booktitle = {Passés recomposés},
    publisher = {Autrement},
    location = {Paris},
    year = 1995,
    pagetotal = {11},
    language = {français},
    keywords = {collectif-crh, crh-1995}
    }

@incollection{Pesez2694-1995,
    author = {Pesez, Jean-Marie},
    editor = {?},
    title = {Calathamet},
    booktitle = {Federico e la Sicilia dalla alla corona},
    publisher = {Ediprint},
    location = {Palerme},
    year = 1995,
    pagetotal = {4},
    language = {français},
    keywords = {collectif-crh, crh-1995}
    }

@incollection{Nordman2865-1995,
    author = {Nordman, Daniel},
    editor = {?},
    title = {Figures géographiques de la France},
    booktitle = {Langages de la Révolution (1770-1815)},
    publisher = {Klincksieck},
    location = {Paris},
    year = 1995,
    pagetotal = {8},
    language = {français},
    keywords = {collectif-crh, crh-1995}
    }

@incollection{Nora3057-1995,
    author = {Nora, Pierre},
    editor = {J.-Y. Mollier and P. Ory},
    title = {Le Panthéon de Pierre Larousse},
    booktitle = {Pierre Larousse et son temps,},
    publisher = {Larousse},
    location = {Paris},
    year = 1995,
    pagetotal = {16},
    language = {français},
    keywords = {collectif-crh, crh-1995}
    }

@incollection{Chartier3101-1995,
    author = {Chartier, Roger},
    editor = {Alexandru Dutu and Norbert Dodille},
    title = {L'histoire culturelle : Positions et propositions},
    booktitle = {Culture et politique,},
    publisher = {L'Harmattan},
    location = {Paris},
    year = 1995,
    pagetotal = {15},
    language = {français},
    keywords = {collectif-crh, crh-1995}
    }

@incollection{Cohen3208-1995,
    author = {Cohen, Yves},
    editor = {Y.Cohen},
    title = {Le travail social : quand les techniciens sociaux parlent de leurs techniques},
    booktitle = {Les Chantiers de la paix sociale, 1900-1940},
    publisher = {ENS-Editions Fontenay Saint-Cloud},
    location = {Fontenay aux roses},
    year = 1995,
    pagetotal = {22},
    language = {français},
    keywords = {collectif-crh, crh-1995}
    }

@incollection{Cohen3209-1995,
    author = {Cohen, Yves},
    editor = {Y.Cohen},
    title = {Gouverner le social, 1890-1945},
    booktitle = {Les Chantiers de la paix sociale, 1900-1940},
    publisher = {ENS-Editions Fontenay Saint-Cloud},
    location = {Fontenay aux roses},
    year = 1995,
    pagetotal = {19},
    language = {français},
    keywords = {collectif-crh, crh-1995}
    }

@incollection{Nordman3329-1995,
    author = {Nordman, Daniel},
    editor = {?},
    title = {La géographie des jésuites (en relisant François de Dainville)},
    booktitle = {Les Jésuites à la Renaissance. Système éducatif et production du savoir},
    publisher = {PUF},
    location = {Paris},
    year = 1995,
    pagetotal = {16},
    language = {français},
    keywords = {collectif-crh, crh-1995}
    }

@incollection{Chase3364-1995,
    author = {Chase, Jane},
    editor = {B. Lepetit and C. Olmo},
    title = {New-York reinventata : utile riflessioni sur un ordine in centiniro evolversi},
    booktitle = {La Citta e le sue storie},
    publisher = {Einaudi},
    location = {Turin},
    year = 1995,
    pagetotal = {31},
    language = {italien},
    keywords = {collectif-crh, crh-1995}
    }

@incollection{Ormières4661-1995,
    author = {Ormières, Jean-Louis},
    editor = {?},
    title = {Falloux et les catholiques libéraux},
    booktitle = {Catholiques entre Monarchie et République},
    publisher = {},
    location = {},
    year = 1995,
    pagetotal = {12},
    language = {français},
    keywords = {collectif-crh, crh-1995}
    }

@incollection{Cohen4742-1995,
    author = {Cohen, Yves},
    editor = {B. Doray and J.-M. Rennes},
    title = {Quelques réflexions comparatives sur la rationalisation en U.R.S.S. et en Occident avant la 2e Guerre mondiale},
    booktitle = {Carrefours sciences sociales et psychanalyse : le moment moscovite},
    publisher = {L'Harmattan},
    location = {Paris},
    year = 1995,
    pagetotal = {11},
    language = {français},
    keywords = {collectif-crh, crh-1995}
    }

@incollection{Bergeron4774-1995,
    author = {Bergeron, Louis},
    editor = {M.-T. Maiullari},
    title = {Vent'anni d'esperienza nel ruolo di direttore di ricerca all'Ecole des Hautes Etudes en Sciences Sociales},
    booktitle = {Ambienti e Tipologie dell'Industrializzazione. Francia e Italia durante otto e novecento},
    publisher = {},
    location = {Turin},
    year = 1995,
    pagetotal = {4},
    language = {italien},
    keywords = {collectif-crh, crh-1995}
    }

@incollection{Boureau4842-1995,
    author = {Boureau, Alain},
    editor = {J. Blanchard},
    title = {Pierre de Jean Olivi et l'émergence d'une théorie contractuelle de la royauté au XIIIe siècle},
    booktitle = {Représentation, pouvoir et royauté à la fin du Moyen âge},
    publisher = {},
    location = {Paris},
    year = 1995,
    pagetotal = {11},
    language = {français},
    keywords = {collectif-crh, crh-1995}
    }

@incollection{Boureau4843-1995,
    author = {Boureau, Alain},
    editor = {B. Lepetit},
    title = {La compétence inductive. Un modèle d'analyse des représentations rares},
    booktitle = {Les formes de l'expérience. Une autre histoire sociale},
    publisher = {Albin Michel},
    location = {Paris},
    year = 1995,
    pagetotal = {17},
    language = {français},
    keywords = {collectif-crh, crh-1995}
    }

@incollection{Bourguet4848-1995,
    author = {Bourguet, Marie-Noëlle},
    editor = {M. Vovelle},
    title = {El explorador},
    booktitle = {El Hombre de la Illustracion,},
    publisher = {Alianza éditorial},
    location = {Madrid},
    year = 1995,
    pagetotal = {54},
    language = {espagnol},
    keywords = {collectif-crh, crh-1995}
    }

@incollection{Chartier4933-1995,
    author = {Chartier, Roger},
    editor = {M. Vovelle},
    title = {El hombre de letras},
    booktitle = {El Hombre de la Ilustracion},
    publisher = {Alianza Editorial},
    location = {Madrid},
    year = 1995,
    pagetotal = {45},
    language = {espagnol},
    keywords = {collectif-crh, crh-1995}
    }

@incollection{Kriegel4981-1995,
    author = {Kriegel, Maurice},
    editor = {J. Goulemot and A. Magnan and and D. Masseau},
    title = {Moïse},
    booktitle = {Inventaire Voltaire},
    publisher = {Gallimard},
    location = {Paris},
    year = 1995,
    pagetotal = {3},
    language = {français},
    keywords = {collectif-crh, crh-1995}
    }

@incollection{Kriegel4982-1995,
    author = {Kriegel, Maurice},
    editor = {J. Goulemot and A. Magnan and and D. Masseau},
    title = {Parsis, Banians, Guèbres, Juifs},
    booktitle = {Inventaire Voltaire},
    publisher = {Gallimard},
    location = {Paris},
    year = 1995,
    pagetotal = {3},
    language = {français},
    keywords = {collectif-crh, crh-1995}
    }

@incollection{Froeschlé5002-1995,
    author = {Froeschlé-Chopard, Marie-Hélène},
    editor = {C.Langlois and P.Goujard},
    title = {Dévotions et Confréries aux XVIIe et XVIIIe siècles d'après les sources vaticanes},
    booktitle = {Cahiers du GRHIS},
    publisher = {Université de Rouen},
    location = {Rouen},
    year = 1995,
    pagetotal = {18},
    language = {français},
    keywords = {collectif-crh, crh-1995}
    }

@incollection{Demelas5017-1995,
    author = {Demelas, Marie-Danièle},
    editor = {F. X. Guerra},
    title = {La guerra religiosa como modelo},
    booktitle = {Revoluciones hispanicas. Independencias americanas y liberalismo espanol},
    publisher = {Editorial complutense},
    location = {Madrid},
    year = 1995,
    pagetotal = {22},
    language = {espagnol},
    keywords = {collectif-crh, crh-1995}
    }

@incollection{Froeschlé5088-1995,
    author = {Froeschlé-Chopard, Marie-Hélène},
    editor = {B. Cousin},
    title = {La culture du clergé provençal à la fin de l'Ancien Régime},
    booktitle = {Hommes de Dieu et Révolution en Provence},
    publisher = {},
    location = {Paris},
    year = 1995,
    pagetotal = {13},
    language = {français},
    keywords = {collectif-crh, crh-1995}
    }

@incollection{Farge5120-1995,
    author = {Farge, Arlette},
    editor = {F. Bedarida},
    title = {L'histoire Sociale},
    booktitle = {L'Histoire et le métier d'historien en France, 1945-1995,},
    publisher = {MSH},
    location = {Paris},
    year = 1995,
    pagetotal = {19},
    language = {français},
    keywords = {collectif-crh, crh-1995}
    }

@incollection{Fauve5128-1995,
    author = {Fauve-Chamoux, Antoinette},
    editor = {?},
    title = {The Stem family, demography and inheritance},
    booktitle = {The European Peasant Family and Economy},
    publisher = {Liverpool University Press},
    location = {Liverpool},
    year = 1995,
    pagetotal = {28},
    language = {anglais},
    keywords = {collectif-crh, crh-1995}
    }

@incollection{Kriegel5140-1995,
    author = {Kriegel, Maurice},
    editor = {A. Alcala},
    title = {El edicto de expulsion : motivos, fines, contexto},
    booktitle = {Judios. Sefarditas. Conversos. La expulsion de 1492 y sus consecuencias},
    publisher = {Ambito Ediciones},
    location = {},
    year = 1995,
    pagetotal = {16},
    language = {espagnol},
    keywords = {collectif-crh, crh-1995}
    }

@incollection{Giard5230-1995,
    author = {Giard, Luce},
    editor = {O. Weijers},
    title = {Comment Pietro Catena lit les loca mathematica d'Aristote (Padoue, 1556)},
    booktitle = {The Vocabulary of Teaching and Research between Middle Ages and Renaissance,},
    publisher = {},
    location = {Turnhout},
    year = 1995,
    pagetotal = {21},
    language = {français},
    keywords = {collectif-crh, crh-1995}
    }

@incollection{Fridenson5261-1995,
    author = {Fridenson, Patrick},
    editor = {J. Kocka},
    title = {Herrschaft in Wirtschaftsunternehmen. Deutschland und Frankreich 1880-1914},
    booktitle = {Bürgertum im 19. Jahrhundert, tome 2},
    publisher = {Vandenhoeck und Ruprecht},
    location = {Göttingen},
    year = 1995,
    pagetotal = {27},
    language = {allemand},
    keywords = {collectif-crh, crh-1995}
    }

@incollection{Julliard5267-1995,
    author = {Julliard, Jacques and F. Furet and P. Rosanvallon},
    editor = {?},
    title = {La République du vide},
    booktitle = {Notes de la fondation Saint Simon,},
    publisher = {},
    location = {Paris},
    year = 1995,
    pagetotal = {},
    language = {français},
    keywords = {collectif-crh, crh-1995}
    }

@incollection{Fridenson5285-1995,
    author = {Fridenson, Patrick},
    editor = {Cl. Seibel and Al.)</Vvi> and Paris and La Documentation Française and <Dat>1995</Dat> and Pp.<Pp> 15-22 </Pp>Et 28-30.},
    title = {Le point de vue de l'histoire},
    booktitle = {Réductions du temps de travail,},
    publisher = {La documentation française},
    location = {Paris},
    year = 1995,
    pagetotal = {8},
    language = {français},
    keywords = {collectif-crh, crh-1995}
    }

@incollection{Fouché5339-1995,
    author = {Fouché, Nicole and C. Maire},
    editor = {R. Creagh},
    title = {L'émigration, un droit contesté en Alsace et en Lorraine dans la première moitié du XIXe siècle},
    booktitle = {Les Français des Etats-Unis d'hier à aujourd'hui,},
    publisher = {CIRCAN},
    location = {Montpellier},
    year = 1995,
    pagetotal = {18},
    language = {français},
    keywords = {collectif-crh, crh-1995}
    }

@incollection{Peter5411-1995,
    author = {Peter, Jean-Pierre},
    editor = {?},
    title = {L'accouchement, un terrain d'action pour la médecine ou un événement pour les mères ?},
    booktitle = {L'heureux événement : une histoire de l'accouchement},
    publisher = {Musée de l'assistance publique},
    location = {},
    year = 1995,
    pagetotal = {10},
    language = {français},
    keywords = {collectif-crh, crh-1995}
    }

@incollection{Pomian5443-1995,
    author = {Pomian, Krzysztof},
    editor = {?},
    title = {Collezionisti e collezioni dal XIII al XVIII secolo},
    booktitle = {Storia di Venezia. Temi. L'Arte},
    publisher = {Istituto della Enciclopedia Italiana},
    location = {Rome},
    year = 1995,
    pagetotal = {95},
    language = {italien},
    keywords = {collectif-crh, crh-1995}
    }

@incollection{Pomian5448-1995,
    author = {Pomian, Krzysztof and G. Pomian},
    editor = {?},
    title = {Jak powstawala wystawa Kultury (Comment fut faite l'exposition de Kultura)},
    booktitle = {Kultura i jej krag (Kultura et son cercle)},
    publisher = {Université Marie Curie- Sklodowskiej},
    location = {Lublin},
    year = 1995,
    pagetotal = {10},
    language = {polonais},
    keywords = {collectif-crh, crh-1995}
    }

@incollection{Fridenson5513-1995,
    author = {Fridenson, Patrick},
    editor = {H. Shiomi and K.Wada},
    title = {Fordism and quality : the French case, 1919-1993},
    booktitle = {Fordism transformed. The development of production methods in the automobile industry},
    publisher = {Oxford University Press},
    location = {Oxford},
    year = 1995,
    pagetotal = {24},
    language = {anglais},
    keywords = {collectif-crh, crh-1995}
    }

@incollection{Fridenson5537-1995,
    author = {Fridenson, Patrick},
    editor = {L. Hunt and J. Revel},
    title = {Organizations : a new object},
    booktitle = {Histories. French constructions of the past},
    publisher = {The new press},
    location = {New York},
    year = 1995,
    pagetotal = {7},
    language = {anglais},
    keywords = {collectif-crh, crh-1995}
    }

@incollection{Fridenson5581-1995,
    author = {Fridenson, Patrick},
    editor = {R. Sainsaulieu and A. Zehraoui},
    title = {Bibliographie sélective},
    booktitle = {Ouvriers spécialisés à Billancourt. Les derniers témoins},
    publisher = {L'Harmattan},
    location = {Paris},
    year = 1995,
    pagetotal = {3},
    language = {français},
    keywords = {collectif-crh, crh-1995}
    }

@incollection{Jouhaud5604-1995,
    author = {Jouhaud, Christian},
    editor = {?},
    title = {De Padoue à Florence: Galilée et la question du patronage},
    booktitle = {Galileo a Padova},
    publisher = {Università degli studi di Padova},
    location = {Trieste},
    year = 1995,
    pagetotal = {14},
    language = {français},
    keywords = {collectif-crh, crh-1995}
    }

@incollection{Hartog5626-1995,
    author = {Hartog, François},
    editor = {Hg. L. Jordan and B. Kortländer},
    title = {Rom und Griechenland, Die klassische Antique in Frankreich und die Rezeption von Johann Joachim Winckelmann},
    booktitle = {Nationale Grenzen und internationale Austauch, Studien zum Kultur und Wissenschaftstranfer in Europa,},
    publisher = {},
    location = {Tübingen},
    year = 1995,
    pagetotal = {25},
    language = {allemand},
    keywords = {collectif-crh, crh-1995}
    }

@incollection{Hartog5627-1995,
    author = {Hartog, François},
    editor = {J. Boutier and D. Julia},
    title = {L'art du récit historique},
    booktitle = {Passés recomposés, Champs et Chantiers de l'histoire,},
    publisher = {Autrement},
    location = {Paris},
    year = 1995,
    pagetotal = {10},
    language = {français},
    keywords = {collectif-crh, crh-1995}
    }

@incollection{Jeannin5662-1995,
    author = {Jeannin, Pierre},
    editor = {D.Roche and F.Angiolini},
    title = {Distinction des compétences et niveaux de qualification dans les savoirs pratiques du commerce},
    booktitle = {Cultures et formations marchandes dans l'Europe moderne},
    publisher = {},
    location = {Paris},
    year = 1995,
    pagetotal = {35},
    language = {français},
    keywords = {collectif-crh, crh-1995}
    }

@incollection{Green5220-1995,
    author = {Green, Nancy},
    editor = {J. Brody},
    title = {Avant-propos},
    booktitle = {Rue des Rosiers: Une manière d'être juif},
    publisher = {Autrement},
    location = {Paris},
    year = 1995,
    pagetotal = {4},
    language = {français},
    keywords = {intro-preface-crh, crh-1995}
    }

@incollection{Boureau686-1995,
    author = {Boureau, Alain},
    editor = {?},
    title = {Conclusion},
    booktitle = {Le Crisi dell'allchimia. Micrologu. Natura, scienze e società medievali},
    publisher = {},
    location = {},
    year = 1995,
    pagetotal = {7},
    language = {français},
    keywords = {intro-book-crh, crh-1995}
    }

@incollection{Chartier4931-1995,
    author = {Chartier, Roger},
    editor = {R.Chartier},
    title = {présentation},
    booktitle = {Histoires de la lecture. Un bilan des recherches},
    publisher = {MSH},
    location = {Paris},
    year = 1995,
    pagetotal = {6},
    language = {français},
    keywords = {intro-book-crh, crh-1995}
    }

@article{Andreau4744-1995,
    author = {Andreau, Jean},
    title = {Présentation du dossier: Vingt ans après L'Economie antique de Moses I. Finley},
    journal = {Annales. Histoire, Sciences Sociales},
    year = 1995,
    language = {français},
    keywords = {intro-journal-crh, crh-1995}
    }

@article{Cerutti4878-1995,
    author = {Cerutti, Simona and R. Descimon and M. Prak},
    title = {Introduction et co-édition: Cittadinanze},
    journal = {Quaderni Storici,},
    year = 1995,
    language = {italien},
    keywords = {intro-journal-crh, crh-1995}
    }

@incollection{Aymard4748-1995,
    author = {Aymard, Maurice},
    editor = {},
    title = {Préface},
    booktitle = {Fernand Braudel e l'Europa universale},
    publisher = {Odile Jacob},
    location = {Paris},
    year = 1995,
    pagetotal = {},
    language = {français},
    keywords = {preface-book-crh, crh-1995}
    }

@incollection{Chartier4951-1995,
    author = {Chartier, Roger},
    editor = {},
    title = {Préface},
    booktitle = {Ces bonnes lettres. Une correspondance familiale au XIXe siècle},
    publisher = {Albin Michel},
    location = {Paris},
    year = 1995,
    pagetotal = {5},
    language = {français},
    keywords = {preface-book-crh, crh-1995}
    }

@incollection{Fridenson5164-1995,
    author = {Fridenson, Patrick},
    editor = {},
    title = {Préface},
    booktitle = {Les Transformations du Comité d'entreprise Snecma, Evry-Corbeil 1983-1993,},
    publisher = {L'Harmattan},
    location = {Paris},
    year = 1995,
    pagetotal = {6},
    language = {français},
    keywords = {preface-book-crh, crh-1995}
    }

@incollection{Pomian5449-1995,
    author = {Pomian, Krzysztof},
    editor = {},
    title = {préface: Historia, memoria y politica},
    booktitle = {Los Males de la Memoria. Historia y Politica en la Argentina},
    publisher = {Emecé},
    location = {Buenos Aires},
    year = 1995,
    pagetotal = {8},
    language = {espagnol},
    keywords = {preface-book-crh, crh-1995}
    }

@incollection{Revel5481-1995,
    author = {Revel, Jacques},
    editor = {},
    title = {préface},
    booktitle = {Le Roman familial de la Révolution française},
    publisher = {Albin Michel},
    location = {Paris},
    year = 1995,
    pagetotal = {1},
    language = {français},
    keywords = {preface-book-crh, crh-1995}
    }

@incollection{Sigaut5577-1995,
    author = {Sigaut, François},
    editor = {G. Raepsaet and C. Rommelaere},
    title = {Préface},
    booktitle = {Brancards et transport attelé entre Seine et Rhin de l'Antiquité au Moyen Age},
    publisher = {},
    location = {Treignes (Belgique)},
    year = 1995,
    pagetotal = {5},
    language = {français},
    keywords = {preface-book-crh, crh-1995}
    }

@book{Depeyrot5035-1995,
    author = {Depeyrot, Georges},
    title = {Description des monnaies frappées sous l'Empire romain communément appelée médailles impériales, 12 volumes},
    publisher = {},
    series = {},
    location = {Paris},
    year = 1995,
    pagetotal = {},
    language = {français},
    % addendum = {réédition, introductions et compléments},
    keywords = {edition-txt-crh, crh-1995}
    }

@book{Depeyrot5036-1995,
    author = {Depeyrot, Georges},
    title = {Monnaies féodales de France, 3 volumes},
    publisher = {},
    series = {},
    location = {Paris},
    year = 1995,
    pagetotal = {},
    language = {français},
    % addendum = {réédition, introduction et compléments},
    keywords = {edition-txt-crh, crh-1995}
    }

@book{Depeyrot5037-1995,
    author = {Depeyrot, Georges},
    title = {Catalogue des monnaies françaises de la Bibliothèque Nationale, Les monnaies mérovingiennes, 2 volumes},
    publisher = {},
    series = {},
    location = {Nîmes},
    year = 1995,
    pagetotal = {},
    language = {français},
    % addendum = {réédition, introduction et compléments, 2 volumes},
    keywords = {edition-txt-crh, crh-1995}
    }

@book{Depeyrot5051-1995,
    author = {Depeyrot, Georges},
    title = {Monnaie et papier-monnaie pendant la Révolution (1789 - 1803). Extrait du bulletin d'histoire économique de la Révolution (1911)},
    publisher = {},
    series = {},
    location = {Paris},
    year = 1995,
    pagetotal = {4},
    language = {français},
    % addendum = {avant-propos},
    keywords = {edition-txt-crh, crh-1995}
    }

@book{Fabre5106-1995,
    author = {Fabre, Pierre-Antoine},
    title = {Sublime Poussin},
    publisher = {Seuil},
    series = {},
    location = {Paris},
    year = 1995,
    pagetotal = {},
    language = {français},
    % addendum = {Sublime Poussin},
    keywords = {edition-txt-crh, crh-1995}
    }

@report{Chapelot4886-1995,
    author = {Chapelot, Jean and O. Chapelot, and J. Bertrand and F. Boyer and S. Buttner and I. Cabillic and  B. Rieth and H. Tasman},
    title = {Premier bilan de l'étude historique et architecturale du château de Vincennes},
    publisher = {},
    institution = {Equipe de recherche sur le château de Vincennes et la banlieue est},
    location = {},
    year = 1995,
    pagetotal = {},
    language = {français},
    keywords = {report-crh, crh-1995}
    }

@report{Chapelot4896-1995,
    author = {Chapelot, Odette and J. Chapelot, and J. Bertrand and F. Boyer and S. Buttner and I. Cabillic and  B. Rieth and H. Tasman},
    title = {Premier bilan de l'étude historique et architecturale du château de Vincennes},
    publisher = {},
    institution = {Equipe de recherche sur le château de Vincennes et la banlieue est},
    location = {},
    year = 1995,
    pagetotal = {},
    language = {français},
    keywords = {report-crh, crh-1995}
    }

@book{Berlioz4786-1995,
    author = {Berlioz, Jacques},
    title = {traduction de: Le Premier Mythographe du Vatican},
    publisher = {Les belles lettres},
    series = {Les universités de France},
    location = {Paris},
    year = 1995,
    pagetotal = {},
    language = {français},
    keywords = {traduction-crh, crh-1995}
    }

@book{Chartier4927-1995,
    author = {Chartier, Roger},
    editor = {},
    title = {Die kulturellen Ursprünge der Franzözischen Revolution},
    publisher = {Campus},
    series = {},
    location = {Francfort-sur-le Main},
    year = 1995,
    pagetotal = {},
    language = {allemand},
    addendum = {réédition},
    keywords = {reedition-crh, crh-1995}
    }

@book{Goubert5208-1995,
    author = {Goubert, Jean-Pierre},
    editor = {},
    title = {La Conquête de l'eau. L'avènement de la santé à l'âge industiel},
    publisher = {},
    series = {},
    location = {Paris},
    year = 1995,
    pagetotal = {},
    language = {français},
    addendum = {réédition},
    keywords = {reedition-crh, crh-1995}
    }

@book{Mouradian5368-1995,
    author = {Mouradian, Claire},
    editor = {},
    title = {L'Arménie},
    publisher = {P.U.F. (collection " Que-sais-je " n° 851)},
    series = {},
    location = {Paris},
    year = 1995,
    pagetotal = {},
    language = {français},
    addendum = {réédition},
    keywords = {reedition-crh, crh-1995}
    }

@incollection{Bonnain629-1995,
    author = {Bonnain-Dulon, Rolande},
    editor = {B. Lepetit and M. Sinarellis},
    title = {L'héritage entre événement et longue durée},
    booktitle = {Atlas de la Révolution: 8, La population},
    publisher = {EHESS},
    series = {},
    location = {Paris},
    year = 1995,
    pagetotal = {2},
    language = {français},
    keywords = {outil-recherche-crh, crh-1995}
    }

@incollection{LeMée5317-1995,
    author = {Le Mée, René},
    editor = {Anne Vitu and A.Laclau and B.Lepetit and M.Sinarellis},
    title = {Population},
    booktitle = {Atlas de la Révolution française. Fasc.8, Population},
    publisher = {EHESS},
    series = {},
    location = {Paris},
    year = 1995,
    pagetotal = {},
    language = {français},
    keywords = {outil-recherche-crh, crh-1995}
    }

@incollection{Lepetit5326-1995,
    author = {Lepetit, Bernard and M. Sinarellis and A.Varet-Vitu and A.Laclau},
    editor = {},
    title = {Population},
    booktitle = {Atlas de la Révolution française. Population},
    publisher = {EHESS},
    series = {},
    location = {Paris},
    year = 1995,
    pagetotal = {93},
    language = {français},
    keywords = {outil-recherche-crh, crh-1995}
    }

@book{Motte5356-1995,
    author = {Motte, Claude and J.-P. Brun},
    editor = {},
    title = {Hautes-Alpes, Dictionnaire des Paroisses et Communes de France, Histoire administrative et démographique},
    publisher = {},
    series = {},
    location = {Paris},
    year = 1995,
    pagetotal = {},
    language = {français},
    keywords = {outil-recherche-crh, crh-1995}
    }

@book{Ormières5394-1995,
    author = {Ormières, Jean-Louis},
    editor = {},
    title = {Le Val de Loire. CD-Rom},
    publisher = {},
    series = {},
    location = {},
    year = 1995,
    pagetotal = {},
    language = {français},
    keywords = {outil-recherche-crh, crh-1995}
    }

@incollection{Sinarellis5582-1995,
    author = {Sinarellis, Maroula and B. Lepetit and A. Varet-Vitu and A. Laclau},
    editor = {},
    title = {Population},
    booktitle = {Atlas de la Révolution française. Population},
    publisher = {EHESS},
    series = {},
    location = {Paris},
    year = 1995,
    pagetotal = {93},
    language = {français},
    keywords = {outil-recherche-crh, crh-1995}
    }

@book{Smedley5584-1995,
    author = {Smedley-Weil, Anette},
    editor = {},
    title = {contribution à : Inventaire Voltaire},
    publisher = {Gallimard},
    series = {Quarto},
    location = {Paris},
    year = 1995,
    pagetotal = {7},
    language = {français},
    keywords = {outil-recherche-crh, crh-1995}
    }

@incollection{Varet5661-1995,
    author = {Varet-Vitu, Anne and B.Lepetit and M.Sinarellis and A.Laclau},
    editor = {},
    title = {Population},
    booktitle = {Atlas de la Révolution française. vol.8: Population},
    publisher = {EHESS},
    series = {},
    location = {Paris},
    year = 1995,
    pagetotal = {93},
    language = {français},
    keywords = {outil-recherche-crh, crh-1995}
    }

