%%%%%%%%%%%%%%%%%%%%%%%%%%%%%%

%%%%BIBLIOGRAPHIE 2018 CRH%%%%

%%%%%%%%%%%%%%%%%%%%%%%%%%%%%%

%%%%%% MONOGRAPHIES 2018 %%%%%%

@book{anheim2018a,
  author = {Anheim, Étienne},
  title = {Le Travail de l’histoire},
  publisher = {Éditions de la Sorbonne},
  date = {2018},
  pagetotal = {234},
  language = {fr},
  address = {Paris},
  keywords = {monographie2018}
}
@book{boureau2018a,
  author = {Boureau, Alain},
  title = {Histoires d’un historien. Kantorowicz},
  publisher = {Les Belles Lettres},
  date = {2018},
  note = {Nouvelle édition revue de l’ouvrage de 1990},
  pagetotal = {117},
  language = {fr},
  address = {Paris},
  keywords = {monographie2018}
}
@book{boureau2018b,
  author = {Boureau, Alain},
  title = {Le Feu des manuscrits},
  subtitle = {Lecteurs et scribes des textes médiévaux},
  publisher = {Les Belles Lettres},
  date = {2018},
  pagetotal = {183},
  language = {fr},
  address = {Paris},
  keywords = {monographie2018}
}
@book{canal2018a,
  author = {Canal, Jordi},
  title = {Con permiso de Kafka},
  subtitle = {El Proceso independentista en Cataluña},
  publisher = {Península},
  date = {2018},
  pagetotal = {398},
  language = {es},
  address = {Barcelone},
  keywords = {monographie2018}
}
@book{canal2018b,
  author = {Canal, Jordi},
  title = {Storia minima della Catalogna},
  publisher = {Viella},
  date = {2018},
  pagetotal = {230},
  language = {it},
  address = {Rome},
  keywords = {monographie2018}
}
@book{duhamelle2018a,
  author = {Duhamelle, Christophe},
  title = {Die Grenze im Dorf},
  subtitle = {Katholische Identität im Zeitalter der Aufklärung},
  publisher = {Ergon Verlag},
  date = {2018},
  pagetotal = {323},
  translator = {Bretschneider, Falk},
  language = {de},
  series = {Coll. Religion und Politik, 16},
  address = {Wurtzbourg},
  note = {Traduction en allemand de \textit{La Frontière au village}, Paris, Éditions de l’EHESS, 2010},
  keywords = {monographie2018}
}
@book{iacub2018a,
  author = {Iacub, Marcela and Le Bras, Hervé and Williams, Russell},
  title = {Fourier, Kafka, Houellebecq},
  subtitle = {Trois théories sur l’enfer conjugal},
  publisher = {Descartes \& Cie},
  date = {2018},
  pagetotal = {85},
  language = {fr},
  address = {Paris},
  keywords = {monographie2018}
}
@book{iacub2018b,
  author = {Iacub, Marcela},
  title = {Scandale à la porcherie},
  subtitle = {Analyse d’une révolte contre l’inégalité sexuelle},
  publisher = {Michalon},
  date = {2018},
  pagetotal = {126},
  language = {fr},
  address = {Paris},
  keywords = {monographie2018}
}
@book{lilti2018a1,
  author = {Lilti, Antoine},
  title = {A invenção da celebridade},
  translator = {Campos, Raquel},
  publisher = {Civilizaçao Brasileira},
  date = {2018},
  note = {Traduction de \textit{Figures publiques}, Fayard, 2014},
  language = {pt},
  keywords = {monographie2018}
}
@book{piron2018a,
  author = {Piron, Sylvain},
  title = {L’Occupation du monde},
  publisher = {Zones sensibles},
  date = {2018},
  pagetotal = {240},
  language = {fr},
  address = {Bruxelles},
  keywords = {monographie2018}
}
@book{revel2018a1,
  author = {Revel, Jacques},
  title = {Un moment, des histoires, \og Audiographie \fg},
  publisher = {Éditions de l’EHESS},
  date = {2018},
  language = {fr},
  address = {Paris},
  keywords = {monographie2018}
}
@book{fibla2018a,
  author = {Sancho Fibla, Sergi},
  title = {Escribir y meditar},
  subtitle = {La obra de Marguerite d’Oingt, cartuja del siglo XIII},
  publisher = {Siruela},
  date = {2018},
  language = {es},
  address = {Madrid},
  keywords = {monographie2018}
}
@book{stanziani2018a,
  author = {Stanziani, Alessandro},
  title = {Labor in the Fringes of Empire},
  subtitle = {Voice, Exit and the Law},
  publisher = {Palgrave Mac Millan},
  date = {2018},
  language = {en},
  address = {New York},
  keywords = {monographie2018}
}
@book{stanziani2018b,
  author = {Stanziani, Alessandro},
  title = {Eurocentrism and the Politics of Global History},
  publisher = {Palgrave Mac Millan},
  date = {2018},
  language = {en},
  address = {New York},
  keywords = {monographie2018}
}
@book{stanziani2018c,
  author = {Stanziani, Alessandro},
  title = {Les Entrelacements du monde},
  subtitle = {Histoire globale, pensée globale},
  publisher = {CNRS éditions},
  date = {2018},
  language = {fr},
  address = {Paris},
  keywords = {monographie2018}
}

%%%%%% DIRECTIONS D'OUVRAGE 2018 %%%%%%

@collection{alexandre-bidon2018a,
  editor = {Alexandre-Bidon, Danièle and Mane, Perrine and Feller, Laurent and Wilmart, Mickaël},
  editortype = {dir.},
  title = {La Culture matérielle : un objet en question},
  subtitle = {Anthropologie, archéologie et histoire. Actes du Colloque international organisé à Caen, 9-10 octobre 2015},
  publisher = {Presses Universitaires de Caen},
  date = {2018},
  language = {fr},
  address = {Caen},
  keywords = {dirouvrage2018}
}
@collection{massimo2018a,
  editor = {Anheeim, Étienne and Virlouvet, Catherine and Miglio, Massimo},
  editortype = {dir.},
  title = {Jacques Le Goff. L’Italia e la storia},
  publisher = {ISIME et EFR},
  date = {2018},
  pagetotal = {224},
  language = {it},
  address = {Rome},
  keywords = {dirouvrage2018}
}
@collection{backouche2018a,
  editor = {Backouche, Isabelle and Lyon-Caen, Nicolas and Montel, Nathalie and Theis, Valérie and Vadelorge, Loïc and Vorms, Charlotte},
  editortype = {dir.},
  title = {La Ville est à nous. Aménagement urbain et mobilisations sociales depuis le Moyen Âge},
  publisher = {Editions de la Sorbonne},
  date = {2018},
  pagetotal = {354},
  language = {fr},
  address = {Paris},
  keywords = {dirouvrage2018}
}
@collection{baumgarten2018a,
  editor = {Baumgarten, Jean and Catach, Irène and Totaro, Pina},
  editortype = {dir.},
  title = {Spinoza, philosophe grammairien},
  publisher = {CNRS Éditions},
  date = {2018-02},
  pagetotal = {288},
  language = {fr},
  address = {Paris},
  keywords = {dirouvrage2018}
}
@collection{bretschneider2018a,
  editor = {Bretschneider, Falk and Duhamelle, Christophe},
  editortype = {dir.},
  title = {Le Saint-Empire. Histoire sociale (XVIe-XVIIIe siècles)},
  publisher = {Éditions de la Maison des Sciences de l’Homme},
  date = {2018},
  pagetotal = {315},
  language = {fr},
  series = {Bibliothèque allemande, série « dialogiques »},
  address = {Paris},
  keywords = {dirouvrage2018}
}
@collection{dittmar2018a,
  editor = {Dittmar, Pierre-Olivier and Bartholeyns, G. and Bourin, M.},
  editortype = {dir.},
  title = {Images de soi dans l’univers domestique XIIIe-XVIe siècles},
  date = {2018},
  language = {fr},
  address = {Rennes},
  keywords = {dirouvrage2018}
}
@collection{pascal2018a,
  editor = {Fridenson, Patrick and Griset, Pascal},
  editortype = {dir.},
  title = {L'Industrie dans la Grande Guerre},
  publisher = {Comité pour l'histoire économique et financière de la France},
  date = {2018},
  language = {fr},
  address = {Paris},
  keywords = {dirouvrage2018}
}
@collection{graber2018a,
  editor = {Graber, Frédéric and Giraudeau, Martin},
  editortype = {dir.},
  title = {Les Projets. Une histoire politique (16e- 21e siècles)},
  publisher = {Presses des Mines},
  date = {2018},
  language = {fr},
  address = {Paris},
  keywords = {dirouvrage2018}
}
@collection{fabien2018a,
  editor = {Locher, Fabien and Graber, Frédéric},
  editortype = {dir.},
  title = {Posséder la nature},
  subtitle = {Environnement et propriété dans l'histoire},
  publisher = {Éditions Amsterdam},
  date = {2018},
  language = {fr},
  address = {Paris},
  keywords = {dirouvrage2018}
}
@collection{hubert2018a,
  editor = {Hubert, Etienne and Mucciarelli, Roberta},
  editortype = {dir.},
  title = {La Necessità del segreto},
  subtitle = {Indagini sullo spazio politico nell’Italia medievale ed oltre},
  publisher = {Viella},
  series = {I libri di Viella, 311},
  date = {2018},
  pagetotal = {388},
  language = {it},
  address = {Roma},
  keywords = {dirouvrage2018}
}
@collection{lebras2018a,
  editor = {Le Bras, Hervé and Heyer, E. and David, B. and Levy, J.},
  editortype = {dir.},
  title = {Migrations},
  publisher = {Editions du Muséum d’histoire naturelle},
  date = {2018},
  language = {fr},
  address = {Paris},
  keywords = {dirouvrage2018}
}
@collection{lebras2018b,
  editor = {Le Bras, Hervé and Wieviorka, Michel and Lemos-Igreja, Rebecca and Guerin-Pace, France and Filippova, Elena},
  editortype = {dir.},
  title = {Diviser pour unir : France, Russie, États-Unis, Brésil face aux comptages ethniques},
  publisher = {éditions de la Maison des sciences de l’homme},
  date = {2018},
  language = {fr},
  address = {Paris},
  keywords = {dirouvrage2018}
}
@collection{lilti2018a2,
  editor = {Lilti, Antoine and Roche, Daniel and Charle, Christophe},
  editortype = {dir.},
  title = {L’Europe, Encyclopédie historique},
  date = {2018},
  language = {fr},
  address = {Actes Sud},
  keywords = {dirouvrage2018}
}
@collection{morera2018a,
  editor = {Morera, Raphaël and Vrignon, Alexis and Coumel, Laurent},
  editortype = {dir.},
  publisher = {Presses universitaires de Rennes},
  date = {2018},
  language = {fr},
  title = {Pouvoirs et environnement},
  subtitle = {Entre confiance et défiance, XVe-XXIe siècles},
  address = {Rennes},
  keywords = {dirouvrage2018}
}
@collection{steinberg2018a,
  editor = {Steinberg, Sylvie},
  editortype = {dir.},
  title = {Une histoire des sexualités},
  publisher = {PUF},
  date = {2018},
  pagetotal = {519},
  language = {fr},
  address = {Paris},
  keywords = {dirouvrage2018}
}
@collection{vincent2018a,
  editor = {Vincent, Bernard and Ruiz Ibanez, José Javier},
  editortype = {dir.},
  title = {Refugiados, exiliados y retornados en los mundos ibéricos (siglos XVI-XXI)},
  publisher = {Fondo de Cultura Economica},
  date = {2018},
  language = {es},
  address = {Madrid},
  keywords = {dirouvrage2018}
}
@collection{luna2018a,
  editor = {Luna, Pablo F. and Congost, Rosa},
  editortype = {dir.},
  title = {Agrarian Change and Imperfect Property. Emphyteusis in Europe (16th-19th)},
  publisher = {Brepols},
  date = {2018},
  pagetotal = {311},
  language = {en},
  address = {Turnhout},
  keywords = {dirouvrage2018}
}

%%%%%% DIRECTIONS DE NUMERO DE REVUE 2018 %%%%%%

@periodical{amiel2018a,
  editor = {Amiel, Charles and Mackowiak, Karin and Stein, Christian},
  editortype = {dir.},
  issuetitle = {Un dieu peut-il mourir ? Enquête sur la fin des cultes dans l’Antiquité gréco-romaine},
  publisher = {Armand Colin},
  date = {2018},
  pagetotal = {176},
  language = {fr},
  title = {Revue de l’histoire des religions},
  address = {Paris},
  keywords = {dirrevue2018}
}
@periodical{amiel2018b,
  editor = {Amiel, Charles and Medini, Lorenzo and Tallet, Gaëlle},
  editortype = {dir.},
  issuetitle = {Qu’est-ce qu’un mythe égyptien ?},
  publisher = {Armand Colin},
  date = {2018},
  pagetotal = {144},
  language = {fr},
  title = {Revue de l’histoire des religions},
  address = {Paris},
  keywords = {dirrevue2018}
}
@periodical{baciocchi2018a,
  editor = {Baciocchi, Stéphane and Cottereau, Alain and Hille, Marie-Paule},
  editortype = {dir.},
  issuetitle = {Le Pouvoir des gouvernés. Ethnographies de savoir-faire politiques sur quatre continents},
  publisher = {P.I.E. Peter Lang},
  volume = {16},
  date = {2018},
  pagetotal = {484},
  language = {fr},
  title = {Action publique},
  address = {Bruxelles},
  keywords = {dirrevue2018}
}
@periodical{boudjaaba-a,
  editor = {Boudjaaba, Fabrice and Garcia Gonzalez, Francisco},
  editortype = {dir.},
  volume = {18},
  number = {39},
  date = {2017},
  issuetitle = {El trabajo doméstico y sirviente en la Europa rural (ss. XVI-XIX). Diversidad de modelos regionales y formas de dependencia},
  doi = {10.24215/15155994e063},
  language = {es},
  note = {Numéro spécial},
  title = {Mundo Agrario},
  keywords = {dirrevue2018}
}
@periodical{bruhns2018a,
  editor = {Bruhns, Hinnerk and Fridenson, Patrick and Kocka, Jürgen},
  editortype = {dir.},
  issuetitle = {Capitalisme / Kapitalismus},
  volume = {28},
  date = {2018},
  url = {https://journals.openedition.org/trivium/5658},
  language = {fr},
  title = {Trivium. Revue franco-allemande de sciences humaines et sociales},
  keywords = {dirrevue2018}
}
@perdiodical{claire2017a,
  editor = {Claire, Elizabeth},
  editortype = {dir.},
  issuetitle = {Dancing},
  publisher = {PUF-Belin},
  volume = {46},
  date = {2017},
  note = {Coordonné par Florence Rochefort et Michelle Zancarini-Fournel, [traduction de \textit{Clio. Femmes, genre, histoire : Danser}, \no 46, 2017, 320 p.]},
  url = {https://www-cairn-int- info.inshs.bib.cnrs.fr/journal-clio-women-gender-history-2017-2.html},
  language = {en},
  title = {Clio. Women, Gender, History},
  address = {Paris},
  keywords = {dirrevue2018}
}
@periodical{dittmar2018b,
  editor = {Dittmar, Pierre-Olivier and Fabre, P.-A. and Peree, C. and Golsenne, T.},
  editortype = {dir.},
  issuetitle = {Matérialiser les désirs. Techniques votives},
  volume = {70},
  date = {2018},
  language = {fr},
  title = {Techniques \& Culture},
  keywords = {dirrevue2018}
}
@periodical{peter2018a,
  editor = {Fridenson, Patrick and Scott, Peter},
  editortype = {dir.},
  issuetitle = {New perspectives on 20th century European retailing},
  volume = {7},
  date = {2018-11},
  language = {en},
  title = {Business History},
  keywords = {dirrevue2018}
}
@periodical{hachez-leroy2018a,
  editor = {Hachez-Leroy, Florence},
  editortype = {dir.},
  issuetitle = {Industrial Heritage in The 21st Century, New Challenges},
  volume = {Hors série 1},
  publisher = {CILAC},
  date = {2018},
  language = {en},
  title = {Patrimoine industriel},
}
@periodical{ana2018a,
  editor = {Haddad, Élie and Flechet, Anaïs},
  editortype = {dir.},
  issuetitle = {L’écriture de l’histoire : sciences sociales et récit},
  note = {Dossier spécial},
  volume = {65},
  date = {2018-04},
  pages = {7–96},
  language = {fr},
  title = {Revue d’Histoire Moderne \& Contemporaine},
  number = {2},
  keywords = {dirrevue2018}
}
@periodical{haddad2018a,
  editor = {Haddad, Élie},
  editortype = {dir.},
  issuetitle = {Les Règles de la parenté, entre histoire et anthropologie},
  volume = {19},
  date = {2018},
  url = {https://journals.openedition.org/acrh/8609).},
  language = {fr},
  title = {L’Atelier du CRH},
  number = {bis},
  keywords = {dirrevue2018}
}
@periodical{jouhaud2018a,
  editor = {Jouhaud, Christian and Abramovici, Jean-Christophe},
  editortype = {dir.},
  issuetitle = {Michel de Certeau et la littérature},
  date = {2018},
  note = {Coordination en collaboration avec Jean-Christophe Abramovici. Version papier POD},
  url = {https://www.i6doc.com/fr/book/?gcoi=28001100577920),},
  language = {fr},
  title = {Les Dossiers du Grihl},
  keywords = {dirrevue2018}
}
@periodical{locher2018a,
  editor = {Locher, Fabien and Elie, Marc},
  editortype = {dir.},
  booktitle = {Crash Testing Property},
  booksubtitle = {How disasters reshape and reveal property institutions (Europe and Asia, 19th-21th c.)},
  volume = {11},
  date = {2018},
  language = {en},
  title = {Global Environment},
  number = {2},
  keywords = {dirrevue2018}
}
@periodical{lyon-caen2018a,
  editor = {Lyon-Caen, Judith and Tarragoni, Federico},
  editortype = {dir.},
  volume = {34},
  date = {2018},
  issuetitle = {La Singularité},
  language = {fr},
  title = {Tracés},
  keywords = {dirrevue2018}
}
@periodical{muchnik2018a,
  editor = {Muchnik, Natalia and Monge, Mathilde},
  editortype = {dir.},
  issuetitle = {Fragments d’exils : temporalités, appartenances},
  date = {2018},
  language = {fr},
  title = {Diasporas. Circulations, migrations, histoire},
  keywords = {dirrevue2018}
}
@periodical{revel2018a2,
  editor = {Revel, Jacques},
  editortype = {dir.},
  issuetitle = {Autour d’Alain Dewerpe},
  volume = {17},
  note = {Version papier POD},
  url = {https://www.i6doc.com/fr/book/?gcoi=28001100313960,},
  date = {2018},
  language = {en},
  title = {L’Atelier du CRH},
  number = {bis},
  address = {Paris},
  keywords = {dirrevue2018}
}
@periodical{stella2018a,
  editor = {Stella, Alessandro and Coppel, Anne and Lebeau, Bertrand and Olivet, Fabrice},
  editortype = {dir.},
  issuetitle = {Changements dans les politiques des drogues ?},
  volume = {91},
  date = {2018},
  publisher = {Eres éditions},
  language = {fr},
  title = {Chimères},
  address = {Paris},
  keywords = {dirrevue2018}
}
@periodical{claire2018a,
  editor = {Zalc, Claire},
  editortype = {dir.},
  issuetitle = {L’histoire de la Shoah face à ses sources, Vingtième Siècle},
  volume = {139},
  number = {3},
  date = {2018},
  pagetotal = {324},
  language = {fr},
  title = {Revue d’histoire},
  keywords = {dirrevue2018}
}