@book{alexandre-bidon2018a,
  editor = {Alexandre-Bidon, Danièle and Mane, Perrine and Laurent Feller, Mickaël W.I.L.M.A.R.T.},
  title = {La Culture matérielle : un objet en question. Anthropologie, archéologie et histoire. Actes du Colloque international organisé à Caen, 9- 10 octobre 2015},
  publisher = {Presses Universitaires de Caen},
  date = {2018},
  language = {fr},
  address = {Caen}
}
@article{amiel2018a,
  editor = {Amiel, Charles and Mackowiak, Karin and Stein, Christian},
  title = {Un dieu peut-il mourir ? Enquête sur la fin des cultes dans l’Antiquité gréco-romaine},
  publisher = {Armand Colin},
  date = {2018},
  pages = {176},
  language = {fr},
  journal = {Revue de l’histoire des religions},
  address = {Paris}
}
@article{amiel2018b,
  editor = {Amiel, Charles and Medini, Lorenzo and Tallet, Gaëlle},
  title = {Qu’est-ce qu’un mythe égyptien ?},
  publisher = {Armand Colin},
  date = {2018},
  pages = {144},
  language = {io},
  journal = {Revue de l’histoire des religions},
  address = {Paris}
}
@book{massimo2018a,
  editor = {Massimo Miglio, Etienne A.N.H.E.I.M.},
  title = {Jacques Le Goff. L’Italia e la storia},
  publisher = {ISIME/EFR},
  date = {2018},
  pages = {224},
  language = {it},
  address = {Rome}
}
@article{baciocchi2018a,
  editor = {Baciocchi, Stéphane and Cottereau, Alain and Hille, Marie-Paule},
  title = {Le Pouvoir des gouvernés. Ethnographies de savoir-faire politiques sur quatre continents},
  publisher = {P.I.E. Peter Lang},
  volume = {16},
  date = {2018},
  pages = {484},
  language = {fr},
  journal = {Action publique},
  address = {Bruxelles}
}
@book{backouche2018a,
  editor = {Backouche, Isabelle and Lyon-Caen, Nicolas and Montel, Nathalie and Theis, Valérie and Vadelorge, Loïc and Vorms, Charlotte},
  title = {La Ville est à nous. Aménagement urbain et mobilisations sociales depuis le Moyen Âge},
  publisher = {Editions de la Sorbonne},
  date = {2018},
  pages = {354},
  language = {fr},
  address = {Paris}
}
@book{baumgarten2018a,
  editor = {Baumgarten, Jean and Catach, Irène and Totaro, Pina},
  title = {Spinoza, philosophe grammairien},
  publisher = {CNRS Éditions},
  date = {2018-02},
  pages = {288},
  language = {fr},
  address = {Paris}
}
@article{boudjaaba-a,
  editor = {Boudjaaba, Fabrice and Gonzalez, Francisco G.A.R.C.I.A.},
  volume = {18},
  date = {39},
  note = {special issue « El trabajo doméstico y sirviente en la Europa rural (ss. XVI-XIX). Diversidad de modelos regionales y formas de dependencia », e063.},
  doi = {10.24215/15155994e063},
  language = {es},
  journal = {Mundo Agrario}
}
@book{bretschneider2018a,
  editor = {Bretschneider, Falk and Duhamelle, Christophe},
  title = {Le Saint-Empire. Histoire sociale (XVIe-XVIIIe siècles},
  publisher = {Éditions de la Maison des Sciences de l’Homme},
  date = {2018},
  pages = {315},
  language = {fr},
  series = {collection « Bibliothèque allemande », série « dialogiques »},
  address = {Paris}
}
@article{bruhns2018a,
  editor = {Bruhns, Hinnerk and Fridenson, Patrick and Kocka, Jürgen},
  title = {Capitalisme / Kapitalismus},
  volume = {28},
  date = {2018},
  url = {https://journals.openedition.org/trivium/5658},
  language = {fr},
  journal = {Trivium. Revue franco-allemande de sciences humaines et sociales}
}
@article{claire2017a,
  editor = {Claire, Elizabeth},
  title = {Dancing},
  publisher = {PUF-Belin},
  volume = {46},
  date = {2017},
  note = {coordonné par Florence Rochefort et Michelle Zancarini-Fournel, [traduction de Clio. Femmes, genre, histoire : Danser, No. 46, 2017, 320 p.},
  url = {https://www-cairn-int-},
  language = {en},
  journal = {Clio. Women, Gender, History},
  address = {Paris}
}
@misc{dittmar2018a,
  editor = {Dittmar, Pierre-Olivier and Bartholeyns, G.},
  title = {Images de soi dans l’univers domestique XIIIe-XVIe siècles},
  date = {2018},
  language = {fr},
  address = {Rennes}
}
@article{dittmar2018b,
  editor = {Dittmar, Pierre-Olivier and Fabre, P.-A. and C. Peree, T.G.O.L.S.E.N.N.E.},
  title = {Matérialiser les désirs. Techniques votives},
  volume = {70},
  date = {2018},
  language = {fr},
  journal = {Techniques & Culture}
}
@article{peter2018a,
  editor = {Peter Scott, Patrick F.R.I.D.E.N.S.O.N.},
  title = { New perspectives on 20th- century European retailing »},
  volume = {7},
  date = {2018-11},
  language = {en},
  journal = {Business History}
}
@book{pascal2018a,
  editor = {Pascal Griset, Patrick F.R.I.D.E.N.S.O.N.},
  title = {L'Industrie dans la Grande Guerre},
  publisher = {Comité pour l'histoire économique et financière de la France},
  date = {2018},
  language = {fr},
  address = {Paris}
}
@book{graber2018a,
  editor = {Graber, Frédéric and Giraudeau, Martin},
  title = {Les Projets. Une histoire politique (16e- 21e siècles},
  publisher = {Presses des Mines},
  date = {2018},
  language = {fr},
  address = {Paris}
}
@book{fabien2018a,
  editor = {Fabien Locher, Frédéric G.R.A.B.E.R.},
  title = {Posséder la nature. Environnement et propriété dans l'histoire},
  publisher = {Éditions Amsterdam},
  date = {2018},
  language = {fr},
  address = {Paris}
}
@article{hachez-leroy2018a,
  editor = {Hachez-Leroy, Florence},
  title = {Industrial Heritage in The 21st Century, New Challenges},
  volume = {},
  publisher = {CILAC},
  date = {2018},
  language = {en},
  journal = {Patrimoine industriel},
  number = {ors série 1}
}
@article{ana2018a,
  editor = {Anaïs Flechet, Élie H.A.D.D.A.D.},
  title = { L’écriture de l’histoire : sciences sociales et récit »},
  note = {dossier spécial,},
  volume = {65},
  date = {2018-04},
  pages = {7–96},
  language = {fr},
  journal = {Revue d’Histoire Moderne & Contemporaine},
  number = {2}
}
@article{haddad2018a,
  editor = {Haddad, Élie},
  title = {Les Règles de la parenté, entre histoire et anthropologie},
  volume = {},
  date = {2018},
  note = {en ligne :},
  url = {https://journals.openedition.org/acrh/8609).},
  language = {fr},
  journal = {L’Atelier du CRH},
  number = {}
}
@book{hubert2018a,
  editor = {Hubert, Etienne and Mucciarelli, Roberta},
  title = {La Necessità del segreto. Indagini sullo spazio politico nell’Italia medievale ed oltre},
  publisher = {Viella (I libri di Viella, 311},
  date = {2018},
  pages = {388},
  language = {it},
  address = {Roma}
}
@article{jean-christophe2018a,
  editor = {Jean-Christophe Abramovici, Christian J.O.U.H.A.U.D.},
  title = { Michel de Certeau et la littérature »},
  date = {2018},
  note = {coordination en collaboration avec Jean-Christophe Abramovici). Version papier POD},
  url = {https://www.i6doc.com/fr/book/?gcoi=28001100577920),},
  language = {fr},
  journal = {Les Dossiers du Grihl}
}
@book{bras2018a,
  editor = {Bras, Hervé L.E. and Heyer, E. and David, B. and Levy, J.},
  title = {Migrations},
  publisher = {Editions du Muséum d’histoire naturelle},
  date = {2018},
  language = {fr},
  address = {Paris}
}
@book{bras2018b,
  editor = {Bras, Hervé L.E. and Wieviorka, Michel and Lemos-Igreja, Rebecca and Guerin-Pace, France and Filippova, Elena},
  title = {Diviser pour unir : France, Russie, États-Unis, Brésil face aux comptages ethniques},
  publisher = {éditions de la Maison des sciences de l’homme},
  date = {2018},
  language = {fr},
  address = {Paris}
}
@misc{lilti2018a,
  editor = {Lilti, Antoine and Roche, Daniel and Charle, Christophe},
  title = {L’Europe, Encyclopédie historique},
  date = {2018},
  language = {fr},
  address = {Actes Sud}
}
@article{locher2018a,
  editor = {Locher, Fabien and Elie, Marc},
  title = { Crash Testing Property. How disasters reshape and reveal property institutions (Europe and Asia, 19th-21th c.) »},
  volume = {11},
  date = {2018},
  language = {en},
  journal = {Global Environment},
  number = {2}
}
@book{luna2018a,
  editor = {Luna, Pablo F. and Congost, Rosa},
  title = {Agrarian Change and Imperfect Property. Emphyteusis in Europe (16th-19th},
  publisher = {Brepols Publishers},
  date = {2018},
  pages = {311},
  language = {en},
  address = {Turnhout}
}
@article{lyon-caen2018a,
  editor = {Lyon-Caen, Judith and Tarragoni, Federico},
  volume = {34},
  date = {2018},
  note = {« La Singularité ».},
  language = {es},
  journal = {Tracés}
}
@incollection{morera2018a,
  editor = {Morera, Raphaël and Alexis Vrignon, Laurent C.O.U.M.E.L.},
  publisher = {Presses universitaires de Rennes},
  date = {2018},
  language = {fr},
  booktitle = {Pouvoirs et environnement. Entre confiance et défiance, XVe-XXIe siècles},
  address = {Rennes}
}
@article{muchnik2018a,
  editor = {Muchnik, Natalia and Monge, Mathilde},
  title = {Fragments d’exils : temporalités, appartenances, numéro thématique de la revue Diasporas},
  date = {2018},
  language = {fr},
  journal = {Circulations, migrations, histoire}
}
@article{revel2018a,
  editor = {Revel, Jacques},
  title = {Autour d’Alain Dewerpe},
  volume = {},
  note = {version papier POD,},
  url = {https://www.i6doc.com/fr/book/?gcoi=28001100313960,},
  date = {2018},
  language = {en},
  journal = {L’Atelier du CRH},
  number = {17bis},
  address = {Paris}
}
@book{steinberg2018a,
  editor = {Steinberg, Sylvie},
  title = {Une histoire des sexualités},
  publisher = {PUF},
  date = {2018},
  pages = {519},
  language = {fr},
  address = {Paris}
}
@article{stella2018a,
  editor = {Stella, Alessandro and Coppel, Anne and Bertrand Lebeau, Fabrice O.L.I.V.E.T.},
  title = { Changements dans les politiques des drogues ? »},
  volume = {91},
  date = {2018},
  publisher = {Eres éditions},
  language = {fr},
  journal = {Chimères},
  address = {Paris}
}
@book{vincent2018a,
  editor = {Vincent, Bernard and Ibanez, José Javier Ruiz},
  title = {Refugiados, exiliados y retornados en los mundos ibéricos (siglos XVI-XXI},
  publisher = {Fondo de Cultura Economica},
  date = {2018},
  language = {pt},
  address = {Madrid}
}
@article{claire2018a,
  editor = {Claire, Z.A.L.C.},
  title = {L’histoire de la Shoah face à ses sources, Vingtième Siècle},
  volume = {139},
  date = {2018/3},
  pages = {324},
  language = {fr},
  journal = {Revue d’histoire}
}
