@inproceedings{Braunstein7-1986,
    author = {Braunstein, Philippe},
    editor = {X.Barral},
    title = {Les salaires sur les chantiers monumentaux du Milanais à la fin du XIVe siècles},
    booktitle = {Actes du Colloque Artistes, artisans et production artistique au Moyen Age, t. I - Les hommes, Rennes 1983},
    publisher = {},
    location = {Rennes},
    year = 1986,
    pagetotal = {10},
    language = {français},
    keywords = {inproceedings-crh}
    }

@inproceedings{Pomian11-1989,
    author = {Pomian, Krzysztof},
    editor = {E.Petitot},
    title = {La philosophie de René Thom},
    booktitle = {Actes du Colloque Logos et Théorie des Catastrophes à partir de l'oeuvre de René Thom},
    publisher = {},
    location = {Genève},
    year = 1989,
    pagetotal = {17},
    language = {français},
    keywords = {inproceedings-crh}
    }

@inproceedings{Julia12-1996,
    author = {Julia, Dominique},
    editor = {J. Ehrard},
    title = {Gilbert Romme gouverneur 1779-1790},
    booktitle = {Gilbert Romme (1750-1795) Actes du colloque de Riom (19 et 20 mai 1995)},
    publisher = {Société des études robespierristes},
    location = {Paris},
    year = 1996,
    pagetotal = {36},
    language = {français},
    keywords = {inproceedings-crh}
    }

@inproceedings{Braunstein24-1986,
    author = {Braunstein, Philippe},
    editor = {},
    title = {Les mines anciennes entre Lyonnais et Briançonnais : bilan et perpectives de recherches},
    booktitle = {Actes du 108e Congrès National des Sociétés Savantes Les ressources minérales et l'histoire de leur exploitation, Grenoble 1983},
    publisher = {},
    location = {Paris},
    year = 1986,
    pagetotal = {13},
    language = {français},
    keywords = {inproceedings-crh}
    }

@inproceedings{LeGoff32-1977,
    author = {Le Goff, Jacques},
    editor = {},
    title = {Le concile et la prise de conscience de l'espace de la Chrétienté},
    booktitle = {Actes du colloque : 1274, Année charnière : mutations et continuité},
    publisher = {CNRS},
    location = {Paris},
    year = 1977,
    pagetotal = {},
    language = {français},
    keywords = {inproceedings-crh}
    }

@inproceedings{Goldberg41-1996,
    author = {Goldberg, Sylvie-Anne},
    editor = {},
    title = {A la recherche du corps perdu},
    booktitle = {Le Corps, Colloque des Intellectuels juifs},
    publisher = {Albin Michel},
    location = {Paris},
    year = 1996,
    pagetotal = {18},
    language = {français},
    keywords = {inproceedings-crh}
    }

@inproceedings{Ribaucourt48-1977,
    author = {Ribaucourt, Colette},
    editor = {},
    title = {Le Concile de Lyon et les Conflits intérieurs des ordres mendiants},
    booktitle = {Colloque 1274, année charnière, mutations et continuités},
    publisher = {CNRS},
    location = {Paris},
    year = 1977,
    pagetotal = {},
    language = {français},
    keywords = {inproceedings-crh}
    }

@inproceedings{LeGoff62-1977,
    author = {Le Goff, Jacques and P. Toubert},
    editor = {},
    title = {Une histoire totale du Moyen Age est-elle possible ?},
    booktitle = {Actes du 100e congrès national des sociétés savantes},
    publisher = {},
    location = {},
    year = 1977,
    pagetotal = {},
    language = {français},
    keywords = {inproceedings-crh}
    }

@inproceedings{LeGoff64-1977,
    author = {Le Goff, Jacques},
    editor = {},
    title = {Le dossier des mendiants},
    booktitle = {Actes du colloque 1274 Année charnière : mutations et continuité},
    publisher = {CNRS},
    location = {Paris},
    year = 1977,
    pagetotal = {},
    language = {français},
    keywords = {inproceedings-crh}
    }

@inproceedings{Demelas80-1987,
    author = {Demelas-Bohy, Marie-Danièle},
    editor = {},
    title = {L'école et la république. Les projets scolaires des premiers dirigeants de l'Equateur (1833-1875)},
    booktitle = {Actes du Colloque L'enseignement primaire en Espagne et en Amérique latine du XVIIIe siècle à nos jours},
    publisher = {Publications de l'université de Tours},
    location = {Tours},
    year = 1987,
    pagetotal = {8},
    language = {français},
    keywords = {inproceedings-crh}
    }

@inproceedings{Burguiere84-1988,
    author = {Burguiere, André},
    editor = {},
    title = {La problématique de la singularité française},
    booktitle = {Actes du Colloque L'identité française, Copenhague 1988},
    publisher = {Akademisk Forlag},
    location = {Copenhague},
    year = 1988,
    pagetotal = {12},
    language = {français},
    keywords = {inproceedings-crh}
    }

@inproceedings{Demelas85-1987,
    author = {Demelas-Bohy, Marie-Danièle},
    editor = {},
    title = {Le vote indien dans les Andes pendant la période révolutionnaire (1810-1815)},
    booktitle = {Actes du Colloque Le Noir et l'Indien dans la mentalité coloniale de l'Amérique espagnole},
    publisher = {Les Langues néo-latines, 261},
    location = {},
    year = 1987,
    pagetotal = {20},
    language = {français},
    keywords = {inproceedings-crh}
    }

@inproceedings{Lepetit96-1996,
    author = {Lepetit, Bernard},
    editor = {},
    title = {Blasement, valence positive et normes techniques},
    booktitle = {Actes du colloque Simmel, penseur des normes sociales, Paris, 16-17 décembre 1993},
    publisher = {L'Harmattan},
    location = {Paris},
    year = 1996,
    pagetotal = {},
    language = {français},
    keywords = {inproceedings-crh}
    }

@inproceedings{Courbin99-1976,
    author = {Courbin, Paul},
    editor = {},
    title = {Guide A 9 du Congrès international de l'U.I.S.P.P.},
    booktitle = {Congrès international de l'U.I.S.P.P.},
    publisher = {},
    location = {},
    year = 1976,
    pagetotal = {5},
    language = {français},
    keywords = {inproceedings-crh}
    }

@inproceedings{Demelas100-1988,
    author = {Demelas-Bohy, Marie-Danièle},
    editor = {},
    title = {La politica de los prelados. El alto clero y el absolutismo},
    booktitle = {Actes du Colloque America latina : dallo stato coloniale allo stato nazione},
    publisher = {},
    location = {Milan},
    year = 1988,
    pagetotal = {13},
    language = {espagnol},
    keywords = {inproceedings-crh}
    }

@inproceedings{Emptoz105-1993,
    author = {Emptoz, Gérard},
    editor = {A. Herlea},
    title = {Relations entre savants et manufacturiers : le cas de la bougie stéarique en France},
    booktitle = {Science-Technology Relationships. Actes XVIIIth International ICOHTEC Symposium (Paris, 8-13 juillet 1990)},
    publisher = {},
    location = {San Francisco},
    year = 1993,
    pagetotal = {8},
    language = {français},
    keywords = {inproceedings-crh}
    }

@inproceedings{Descimon111-1995,
    author = {Descimon, Robert},
    editor = {},
    title = {Juristes, science du droit et pouvoir d'Etat au temps de Galilée},
    booktitle = {Tribute to Galileo in Padua, Atti delle celebrazioni galileiane (1592-1992)},
    publisher = {},
    location = {Trieste},
    year = 1995,
    pagetotal = {25},
    language = {français},
    keywords = {inproceedings-crh}
    }

@inproceedings{Pestre113-1989,
    author = {Pestre, Dominique},
    editor = {M.De Maria and M.Grilli and F.Sabastiani},
    title = {The Creation of CERN in the Early 50s : Chance or Necessity},
    booktitle = {Proceedings of the International Conference on the Restructuring of Physical Sciences in Europe and the United States, 1945-1960},
    publisher = {World Scientific},
    location = {Singapour},
    year = 1989,
    pagetotal = {11},
    language = {anglais},
    keywords = {inproceedings-crh}
    }

@inproceedings{Beutler129-1986,
    author = {Beutler, Corinne},
    editor = {J. Goy and J.-P. Vallot},
    title = {Le rôle des moulins banaux du Séminaire de Saint-Sulpice à Montréal entre la campagne et la ville, 1790-1840},
    booktitle = {Evolution et éclatement du monde rural. France-Québec XVIIe-XIXe siècles. Actes du colloque franco-québécois d'histoire comparée, Rochefort, 1982},
    publisher = {EHESS-PUM},
    location = {Paris-Montréal},
    year = 1986,
    pagetotal = {16},
    language = {français},
    keywords = {inproceedings-crh}
    }

@inproceedings{Desrosiers134-1997,
    author = {Desrosiers, Sophie},
    editor = {},
    title = {Les lisières d'un être vivant ? Sur les tissus à quatre lisières dans les Andes},
    booktitle = {Lisières et bordures, Actes des premières journées d'étude de l'AFET, 13-14 juin 1996},
    publisher = {},
    location = {},
    year = 1997,
    pagetotal = {},
    language = {français},
    keywords = {inproceedings-crh}
    }

@inproceedings{Peter140-1986,
    author = {Peter, Jean-Pierre},
    editor = {},
    title = {Critique historique de l'éducation pour la santé},
    booktitle = {Actes du Colloque du Comité Français d'Education pour la Santé, Paris 1986},
    publisher = {},
    location = {Paris},
    year = 1986,
    pagetotal = {6},
    language = {français},
    keywords = {inproceedings-crh}
    }

@inproceedings{Bonnain150-1989,
    author = {Bonnain, Rolande},
    editor = {},
    title = {Approche anthropologique des espaces marchands},
    booktitle = {Actes du Colloque L'Autre en question, Paris 1989},
    publisher = {},
    location = {Paris},
    year = 1989,
    pagetotal = {5},
    language = {français},
    keywords = {inproceedings-crh}
    }

@inproceedings{Braunstein172-1989,
    author = {Braunstein, Philippe},
    editor = {K.H.Ludwig and P.Sika},
    title = {Le travail minier dans le royaume de France à la fin du Moyen Age},
    booktitle = {Actes du Colloque Bergbau und Arbeitsrecht. Die Arbeitsverfassung im europäischen Bergbau des Mittelalters und der frühen Neuzeit, Bad Gastein 1987},
    publisher = {Böchsteiner Montata},
    location = {Vienne},
    year = 1989,
    pagetotal = {30},
    language = {français},
    keywords = {inproceedings-crh}
    }

@inproceedings{Braunstein175-1989,
    author = {Braunstein, Philippe},
    editor = {F. Crouzet},
    title = {Réseaux familiaux, réseaux d'affaires en pays d'Empire : les facteurs de sociétés (1380-1520)},
    booktitle = {Actes du Colloque Le négoce international (XIIIe-XXe siècles), Paris 1987},
    publisher = {},
    location = {Paris},
    year = 1989,
    pagetotal = {12},
    language = {français},
    keywords = {inproceedings-crh}
    }

@inproceedings{PoloDeBeaulieu179-1987,
    author = {Polo De Beaulieu, Marie-Anne},
    editor = {},
    title = {La condamnation des soins de beauté par les prédicateurs médiévaux},
    booktitle = {Actes du Colloque International Les soins de beauté, Moyen Age-Epoque moderne, Grasse 1985},
    publisher = {},
    location = {Nice},
    year = 1987,
    pagetotal = {14},
    language = {français},
    keywords = {inproceedings-crh}
    }

@inproceedings{Piponnier196-1986,
    author = {Piponnier, Françoise and M. Couturier},
    editor = {},
    title = {Les maisons fortes dans les hiérarchies des forteresses foréziennes},
    booktitle = {Actes de la Table Ronde La maison forte au Moyen Age, Nancy pont-à-Mousson, 1984},
    publisher = {},
    location = {Paris},
    year = 1986,
    pagetotal = {10},
    language = {français},
    keywords = {inproceedings-crh}
    }

@inproceedings{Piponnier200-1987,
    author = {Piponnier, Françoise},
    editor = {},
    title = {L'outillage agricole en Bourgogne à la fin du Moyen Age},
    booktitle = {Actes du 109e Congrès National des Sociétés Savantes Histoire Médiévale, Dijon 1984},
    publisher = {},
    location = {Paris},
    year = 1987,
    pagetotal = {15},
    language = {français},
    keywords = {inproceedings-crh}
    }

@inproceedings{Piponnier212-1987,
    author = {Piponnier, Françoise and D. Alexandre-Bidon},
    editor = {},
    title = {Gestes et objets de la toilette aux XIVe et XVe siècles},
    booktitle = {Actes du Colloque Les soins de beauté, Grasse, 1985},
    publisher = {},
    location = {Nice},
    year = 1987,
    pagetotal = {34},
    language = {français},
    keywords = {inproceedings-crh}
    }

@inproceedings{Piponnier213-1987,
    author = {Piponnier, Françoise},
    editor = {},
    title = {La céramique dans son contexte quotidien d'après les inventaires bourguignons (XIVe-XVe siècles)},
    booktitle = {Actes du 1er Congrès international d'archéologie médiévale, Paris 1985},
    publisher = {},
    location = {Paris},
    year = 1987,
    pagetotal = {9},
    language = {français},
    keywords = {inproceedings-crh}
    }

@inproceedings{Piponnier214-1987,
    author = {Piponnier, Françoise},
    editor = {},
    title = {Les ateliers des artisans dijonnais du textile d'après les inventaires mobiliers (XIV-XVe siècles)},
    booktitle = {Actes de la 3e Rencontre internationale d'histoire du textile. Autour de l'habitat textile (XIV-XIXe siècles), Tourcoing 1986},
    publisher = {},
    location = {Tourcoing},
    year = 1987,
    pagetotal = {9},
    language = {français},
    keywords = {inproceedings-crh}
    }

@inproceedings{Beutler216-1987,
    author = {Beutler, Corinne},
    editor = {F.Lebrun and N.Séguin},
    title = {L'outillage agricole dans les inventaires paysans de la région de Montréal reflète-il une transformation de l'agriculture entre 1792 et 1835 ?},
    booktitle = {Actes du Colloque Sociétés villageoises et rapports villes-campagnes au Québec et dans la France de l'Ouest, XVIIe-XXe siècles, Québec 1985},
    publisher = {CREQ-PUR},
    location = {Trois-Rivières et Rennes},
    year = 1987,
    pagetotal = {10},
    language = {français},
    keywords = {inproceedings-crh}
    }

@inproceedings{Sinarellis230-1986,
    author = {Sinarellis, Maroula},
    editor = {},
    title = {La politique de l'Etat grec pour la construction d'un réseau routier moderne (1833-1883)},
    booktitle = {Actes du IIe Colloque international d'Histoire, Athènes, 1983},
    publisher = {Fondation nationale de la recherche scientifique},
    location = {Athènes},
    year = 1986,
    pagetotal = {},
    language = {français},
    keywords = {inproceedings-crh}
    }

@inproceedings{Jouhaud233-1985,
    author = {Jouhaud, Christian and R. Descimon},
    editor = {J. Nicolas},
    title = {De Paris à Bordeaux : pour qui court le peuple pendant la Fronde (1652) ?},
    booktitle = {Mouvements populaires et conscience sociale, Colloque de l'université ParisVII-CNRS, Paris 1984},
    publisher = {Maloine},
    location = {Paris},
    year = 1985,
    pagetotal = {12},
    language = {français},
    keywords = {inproceedings-crh}
    }

@inproceedings{Julia234-1982,
    author = {Julia, Dominique},
    editor = {},
    title = {Les bénédictins et l'enseignement au XVIIe et XVIIIe siècles},
    booktitle = {Colloque à L'abbaye bénédictine Sainte-},
    publisher = {},
    location = {},
    year = 1982,
    pagetotal = {},
    language = {français},
    keywords = {inproceedings-crh}
    }

@inproceedings{Jeannin237-1987,
    author = {Jeannin, Pierre},
    editor = {},
    title = {Guides de voyage et manuels pour marchands},
    booktitle = {Actes du Colloque de Tours, Voyager à la Renaissance, 1983},
    publisher = {},
    location = {Paris},
    year = 1987,
    pagetotal = {11},
    language = {français},
    keywords = {inproceedings-crh}
    }

@inproceedings{Julia238-1983,
    author = {Julia, Dominique},
    editor = {},
    title = {L'expansion de la Congrégation de la Mission de la mort de Vincent de Paul à la Révolution française},
    booktitle = {Vincent de Paul, Actes du colloque international d'Etudes Vincentiennes, Paris, 25-26 septembre 1981},
    publisher = {Edizioni Vincenziane},
    location = {Rome},
    year = 1983,
    pagetotal = {58},
    language = {français},
    keywords = {inproceedings-crh}
    }

@inproceedings{Hocquet251-1984,
    author = {Hocquet, Jean-Claude},
    editor = {},
    title = {Sedes et effusio. Métrologie et histoire religieuse durant la phase ecclésiastique de la production du sel},
    booktitle = {l'Eglise et le siècle du XIe siècle, XIXe congrès des historiens médiévistes de l'enseignement supérieur, Poitiers, 1983},
    publisher = {},
    location = {},
    year = 1984,
    pagetotal = {13},
    language = {français},
    keywords = {inproceedings-crh}
    }

@inproceedings{Hocquet252-1984,
    author = {Hocquet, Jean-Claude},
    editor = {},
    title = {Techniques et société. Exploitation et appropriation des salins de la Méditerranée occidentale},
    booktitle = {La sociétà mediterranea all'epoca del Vespro, Xie congrès d'histoire de la couronne d'Aragon, Palerme, 1982},
    publisher = {},
    location = {Palerme},
    year = 1984,
    pagetotal = {30},
    language = {français},
    keywords = {inproceedings-crh}
    }

@inproceedings{Hocquet254-1984,
    author = {Hocquet, Jean-Claude},
    editor = {},
    title = {Qui la gabelle du sel du Roi de France a-t-elle enrichi ?},
    booktitle = {La genèse de l'Etat moderne, Symposium international de Fontevraud},
    publisher = {},
    location = {},
    year = 1984,
    pagetotal = {},
    language = {français},
    keywords = {inproceedings-crh}
    }

@inproceedings{Hocquet256-1985,
    author = {Hocquet, Jean-Claude},
    editor = {},
    title = {A la jonction du commerce maritime et des trafics terrestres, les mesures de Venise : muid, setier, minot},
    booktitle = {Aspects of historical metrology- Sources and interpretation, XVIIth congress of the international Union of the history and philosophy of science},
    publisher = {},
    location = {Berkeley},
    year = 1985,
    pagetotal = {},
    language = {français},
    keywords = {inproceedings-crh}
    }

@inproceedings{Hocquet267-1985,
    author = {Hocquet, Jean-Claude},
    editor = {},
    title = {Structures métrologiques et développement des anciens systèmes de mesure : le commerce et les transports},
    booktitle = {XVIe Congrès international des Sciences Historiques de Stuttgart},
    publisher = {},
    location = {Stuttgart},
    year = 1985,
    pagetotal = {},
    language = {français},
    keywords = {inproceedings-crh}
    }

@inproceedings{Guillou272-1989,
    author = {Guillou, André},
    editor = {},
    title = {Fondements juifs de l'éthique byzantine},
    booktitle = {Actes du Colloque La vie quotidienne à Byzance : continuités et rupture de la tradition hellenistique et romaine, Athènes 1988},
    publisher = {},
    location = {Athènes},
    year = 1989,
    pagetotal = {14},
    language = {français},
    keywords = {inproceedings-crh}
    }

@inproceedings{LeGoff273-1982,
    author = {Le Goff, Jacques},
    editor = {},
    title = {Philippe-Auguste dans les Exempla},
    booktitle = {Le temps des mutations, actes du colloque international du CNRS. La France de Philippe-Auguste},
    publisher = {},
    location = {Paris},
    year = 1982,
    pagetotal = {11},
    language = {français},
    keywords = {inproceedings-crh}
    }

@inproceedings{Guillou275-1986,
    author = {Guillou, André},
    editor = {},
    title = {Bisanzio, Roma e l'Italia nell'Alto Medioevo},
    booktitle = {Atti della Settima di studio del Centro italiano di studi sull'Alto Medioevo},
    publisher = {},
    location = {Spoleto},
    year = 1986,
    pagetotal = {23},
    language = {italien},
    keywords = {inproceedings-crh}
    }

@inproceedings{Guillou277-1987,
    author = {Guillou, André},
    editor = {},
    title = {Le rebelle dans la société byzantine},
    booktitle = {Actes du Congrès Les identités nationales et la tradition culturelle dans les Balkans},
    publisher = {},
    location = {Athènes},
    year = 1987,
    pagetotal = {21},
    language = {français},
    keywords = {inproceedings-crh}
    }

@inproceedings{Sinarellis281-1989,
    author = {Sinarellis, Maroula},
    editor = {},
    title = {Pour une histoire des lignes secondaires : l'exemple de la région élargie du Creusot},
    booktitle = {Actes du Colloque Les Chemins de fer, l'Espace et la Société en France, Paris 1989},
    publisher = {AIHCF},
    location = {Paris},
    year = 1989,
    pagetotal = {5},
    language = {français},
    keywords = {inproceedings-crh}
    }

@inproceedings{Guillou286-1989,
    author = {Guillou, André},
    editor = {},
    title = {Gérontes et bonshommes en Orient et en Occident. Réflexions d'anthropologie juridique},
    booktitle = {Actes du Colloque de Morigny, 1987},
    publisher = {},
    location = {Paris},
    year = 1989,
    pagetotal = {19},
    language = {français},
    keywords = {inproceedings-crh}
    }

@inproceedings{Hocquet288-1983,
    author = {Hocquet, Jean-Claude},
    editor = {},
    title = {Conditionnement et transport du sel en Europe (XIIIe-XIXe siècles)},
    booktitle = {Techniques d'extraction et de production du sel des briquetages préhistoriques à l'époque actuelle, Colloque international de Marsal},
    publisher = {},
    location = {},
    year = 1983,
    pagetotal = {},
    language = {français},
    keywords = {inproceedings-crh}
    }

@inproceedings{Klapisch295-1985,
    author = {Klapisch-Zuber, Christiane},
    editor = {},
    title = {Rituels publics et pouvoir d'Etat},
    booktitle = {Culture et idéologie dans la genèse de l'Etat moderne, Actes de la table ronde organisée par le CNRS et l'Ecole française de Rome, 1984},
    publisher = {Collection de l'Ecole française de Rome},
    location = {Rome},
    year = 1985,
    pagetotal = {10},
    language = {français},
    keywords = {inproceedings-crh}
    }

@inproceedings{Julia308-1988,
    author = {Julia, Dominique},
    editor = {},
    title = {L'éducation des ecclésiastiques en France au XVIIe et XVIIIe siècles},
    booktitle = {Actes des séminaires Problèmes d'histoire de l'Education},
    publisher = {Ecole Française de Rome},
    location = {Rome},
    year = 1988,
    pagetotal = {65},
    language = {français},
    keywords = {inproceedings-crh}
    }

@inproceedings{Sinarellis309-1986,
    author = {Sinarellis, Maroula},
    editor = {},
    title = {Réseau routier et Etat grec},
    booktitle = {Actes du Colloque international d'Histoire, Athènes 1984},
    publisher = {Association d'Etudes Néohelléniques},
    location = {Athènes},
    year = 1986,
    pagetotal = {},
    language = {français},
    keywords = {inproceedings-crh}
    }

@inproceedings{Gasnault311-1987,
    author = {Gasnault, Marie-Claire},
    editor = {},
    title = {Le clergé dans les paroisses rurales du diocèse de Sens à la fin du Moyen Age},
    booktitle = {Actes du 109e Congrès National des Sociétés Savantes, Dijon, 1984},
    publisher = {CTHS},
    location = {Paris},
    year = 1987,
    pagetotal = {11},
    language = {français},
    keywords = {inproceedings-crh}
    }

@inproceedings{Julia314-1989,
    author = {Julia, Dominique},
    editor = {P. Colin and E. Germain and J. Joncheray and M. Venard},
    title = {La leçon de catéchisme dans l'Ecole Paroissiale (1654)},
    booktitle = {Actes du Colloque Aux origines du catéchisme paroissial et des manuels diocésains de catéchisme en France (1500-1660), Paris 1988},
    publisher = {},
    location = {Paris},
    year = 1989,
    pagetotal = {29},
    language = {français},
    keywords = {inproceedings-crh}
    }

@inproceedings{Vincent315-1983,
    author = {Vincent, Bernard},
    editor = {},
    title = {Que aspecto fisico tenian los Moriscos ?},
    booktitle = {Actas de los II Coloquios de Historia de Andalucia},
    publisher = {},
    location = {Cordoue},
    year = 1983,
    pagetotal = {6},
    language = {espagnol},
    keywords = {inproceedings-crh}
    }

@inproceedings{Julia320-1988,
    author = {Julia, Dominique},
    editor = {},
    title = {L'apprentissage de la lecture dans la France d'Ancien Régime},
    booktitle = {Actes du Colloque Espaces de l'écriture, Bibliothèque Publique d'informations 1986},
    publisher = {Retz},
    location = {Paris},
    year = 1988,
    pagetotal = {16},
    language = {français},
    keywords = {inproceedings-crh}
    }

@inproceedings{Flandrin326-1989,
    author = {Flandrin, Jean-Louis},
    editor = {},
    title = {Problèmes, sources et méthodes d'une histoire des pratiques et des goûts régionaux avant le XIXe siècle},
    booktitle = {Alimentation et Régions, Actes du colloque Cuisines, Régimes alimentaires, Espaces régionaux, Nancy 24-27 septembre 1987},
    publisher = {Presses universitaires de Nancy},
    location = {Nancy},
    year = 1989,
    pagetotal = {17},
    language = {français},
    keywords = {inproceedings-crh}
    }

@inproceedings{Goubert328-1982,
    author = {Goubert, Jean-Pierre},
    editor = {},
    title = {La genèse des politiques de santé en France (XVIIe-XXe siècles)},
    booktitle = {Colloque de L'I.N.S.E.R.M., Conceptions, Mesures et Actions en Santé Publique},
    publisher = {},
    location = {Paris},
    year = 1982,
    pagetotal = {4},
    language = {français},
    keywords = {inproceedings-crh}
    }

@inproceedings{Fridenson329-1985,
    author = {Fridenson, Patrick},
    editor = {},
    title = {The transfer of automotive technology from France to Japan in the 1950 s.},
    booktitle = {International Congress of History of Science},
    publisher = {Office for history of science and technology},
    location = {Berkeley},
    year = 1985,
    pagetotal = {},
    language = {anglais},
    keywords = {inproceedings-crh}
    }

@inproceedings{Froeschle330-1984,
    author = {Froeschle-Chopard, Marie-Hélène},
    editor = {},
    title = {Le village et l'église, étude du sacré},
    booktitle = {Actes des journées d'Histoire Régionale},
    publisher = {},
    location = {},
    year = 1984,
    pagetotal = {},
    language = {français},
    keywords = {inproceedings-crh}
    }

@inproceedings{Fridenson338-1985,
    author = {Fridenson, Patrick},
    editor = {},
    title = {The economic and social effects of motor vehicles in France since 1890},
    booktitle = {XVIe Congrès international des Sciences Historiques},
    publisher = {Comité International des Sciences économiques},
    location = {Stuttgart},
    year = 1985,
    pagetotal = {2},
    language = {anglais},
    keywords = {inproceedings-crh}
    }

@inproceedings{Triantafyllidou339-1985,
    author = {Triantafyllidou-Baladie, Yolande},
    editor = {},
    title = {Transports maritimes et concurrences en Méditerranée orientale au XVIIIe siècle : l'exemple de la Crète},
    booktitle = {Actes du IIe Colloque international d'Histoire, Athènes 1985},
    publisher = {},
    location = {Athènes},
    year = 1985,
    pagetotal = {17},
    language = {anglais},
    keywords = {inproceedings-crh}
    }

@inproceedings{Julia345-1986,
    author = {Julia, Dominique},
    editor = {},
    title = {Frontières étatiques, clivages confessionnels et cloisonnements intellectuels dans l'Europe des XVIe-XVIIe siècles},
    booktitle = {Actes du Colloque Etat et Eglise dans la genèse de l'Etat moderne, 1984},
    publisher = {Casa de Velazquez},
    location = {Madrid},
    year = 1986,
    pagetotal = {12},
    language = {français},
    keywords = {inproceedings-crh}
    }

@inproceedings{Schnapper354-1989,
    author = {Schnapper, Dominique},
    editor = {},
    title = {La Révolution, le citoyen et les juifs en France},
    booktitle = {Actes du Colloque des intellectuels juifs, La question de l'Etat},
    publisher = {Denoël},
    location = {Paris},
    year = 1989,
    pagetotal = {22},
    language = {français},
    keywords = {inproceedings-crh}
    }

@inproceedings{Hocquet366-1983,
    author = {Hocquet, Jean-Claude},
    editor = {},
    title = {Il sale, postà e strumento della dominazione veneziana nella Romagna alla fine del Quattrocento},
    booktitle = {Ravenna in età veneziana, Colloque international de Ravenne},
    publisher = {},
    location = {},
    year = 1983,
    pagetotal = {},
    language = {italien},
    keywords = {inproceedings-crh}
    }

@inproceedings{Grinberg372-1985,
    author = {Grinberg, Martine},
    editor = {},
    title = {Hommes sauvages, cornards et travestis : femmes absentes ?},
    booktitle = {Le carnaval, la fête et la communication, Actes des rencontres internationales de Nice, 8-10 mars 1984},
    publisher = {},
    location = {Nice},
    year = 1985,
    pagetotal = {11},
    language = {français},
    keywords = {inproceedings-crh}
    }

@inproceedings{Gruzinski374-1982,
    author = {Gruzinski, Serge},
    editor = {},
    title = {La conquista de los Cuerpos},
    booktitle = {Familia y sexualidad en Nueva Espana},
    publisher = {},
    location = {Mexico},
    year = 1982,
    pagetotal = {30},
    language = {espagnol},
    keywords = {inproceedings-crh}
    }

@inproceedings{Julia376-1986,
    author = {Julia, Dominique},
    editor = {},
    title = {Système bénéficial et carrières ecclésiastiques dans la France d'Ancien Régime},
    booktitle = {Actes des Journées Historiens et Sociologues aujourd'hui, Université de Lille I, 1984},
    publisher = {CNRS},
    location = {Paris},
    year = 1986,
    pagetotal = {29},
    language = {français},
    keywords = {inproceedings-crh}
    }

@inproceedings{Jouhaud378-1989,
    author = {Jouhaud, Christian},
    editor = {P.Contamine},
    title = {Politiques de princes : les Condé (1630-1652)},
    booktitle = {Actes de la table ronde L'Etat et les aristocraties, XIIe-XVIIe siècles, France, Angleterre, Ecosse, 1986},
    publisher = {},
    location = {Paris},
    year = 1989,
    pagetotal = {21},
    language = {français},
    keywords = {inproceedings-crh}
    }

@inproceedings{Jouhaud381-1987,
    author = {Jouhaud, Christian},
    editor = {},
    title = {Action politique et sociabilités : les Frondes radicales},
    booktitle = {Actes du Colloque Structures de Sociabilités. Pouvoirs et Sociétés, Rouen 1983},
    publisher = {},
    location = {Rouen},
    year = 1987,
    pagetotal = {},
    language = {français},
    keywords = {inproceedings-crh}
    }

@inproceedings{Guery384-1985,
    author = {Guery, Alain},
    editor = {J. Bouvier and J.-Cl. Perrot},
    title = {La naissance financière de l'Etat moderne en France},
    booktitle = {Etats, fiscalités, économies. actes du cinquième congrès de L'A.F.H.E., 16-18 juin 1983},
    publisher = {PUF},
    location = {Paris},
    year = 1985,
    pagetotal = {},
    language = {français},
    keywords = {inproceedings-crh}
    }

@inproceedings{Pomian392-1983,
    author = {Pomian, Krzysztof},
    editor = {},
    title = {Historien, traditionen och det civila samhället},
    booktitle = {Actes du Colloque Polens frihet - och var, Stockholm, 1983},
    publisher = {},
    location = {},
    year = 1983,
    pagetotal = {10},
    language = {suédois},
    keywords = {inproceedings-crh}
    }

@inproceedings{Pomian403-1984,
    author = {Pomian, Krzysztof},
    editor = {B.Garnier and K.Pomian},
    title = {Métrologie historique et histoire intellectuelle},
    booktitle = {Les mesures et l'histoire, table ronde WitoldKula, 2 mai 1984},
    publisher = {CNRS},
    location = {Paris},
    year = 1984,
    pagetotal = {6},
    language = {français},
    keywords = {inproceedings-crh}
    }

@inproceedings{Pomian404-1984,
    author = {Pomian, Krzysztof},
    editor = {},
    title = {Solidarnosc : syndicat et identité nationale},
    booktitle = {Solidarité résiste et signe. Actes du colloque 'Pologne : août 1980-déc. 1982. Originalité et dynamisme d'une société'},
    publisher = {},
    location = {Paris},
    year = 1984,
    pagetotal = {25},
    language = {français},
    keywords = {inproceedings-crh}
    }

@inproceedings{Vincent405-1988,
    author = {Vincent, Bernard},
    editor = {},
    title = {La population des Alpujarras au XVIe siècle},
    booktitle = {Actes du Colloque Sierra Nevada y su entorno, Grenade 1985},
    publisher = {},
    location = {Grenade},
    year = 1988,
    pagetotal = {19},
    language = {français},
    keywords = {inproceedings-crh}
    }

@inproceedings{Piponnier410-1984,
    author = {Piponnier, Françoise},
    editor = {},
    title = {Les sources de l'histoire de la culture matérielle à la lumière des recherches récentes},
    booktitle = {Die Erforschung von Alltag und Sachkultur des Mittelalters. Methode. Ziel. Verwirklichung, table ronde internationale, Krems, 1982},
    publisher = {},
    location = {Vienne},
    year = 1984,
    pagetotal = {10},
    language = {français},
    keywords = {inproceedings-crh}
    }

@inproceedings{Tenenti414-1989,
    author = {Tenenti, Alberto},
    editor = {},
    title = {L'essor des Universités en Europe, XIIIe-XVIe siècles},
    booktitle = {Actes du Colloque international Université, idéologie et culture},
    publisher = {},
    location = {Athènes},
    year = 1989,
    pagetotal = {9},
    language = {français},
    keywords = {inproceedings-crh}
    }

@inproceedings{Piponnier415-1982,
    author = {Piponnier, Françoise and J.-M. Poisson},
    editor = {},
    title = {La tour d'Essertines},
    booktitle = {Actes du IXe colloque de Château-Gaillard, Durham, 1980},
    publisher = {},
    location = {Caen},
    year = 1982,
    pagetotal = {16},
    language = {français},
    keywords = {inproceedings-crh}
    }

@inproceedings{Piponnier416-1982,
    author = {Piponnier, Françoise},
    editor = {},
    title = {Le costume nobiliaire en France au bas Moyen Age},
    booktitle = {Adelige Sachkultur des Mittelalters, Actes du colloque de Krems, Autriche, 1980},
    publisher = {},
    location = {Vienne},
    year = 1982,
    pagetotal = {21},
    language = {français},
    keywords = {inproceedings-crh}
    }

@inproceedings{Pomian419-1982,
    author = {Pomian, Krzysztof},
    editor = {},
    title = {Collection-microcosme et la culture de la curiosité},
    booktitle = {Actes du Colloque Scienze, credenze occulte, livelli di cultura, Florence 1980},
    publisher = {Olschki},
    location = {Florence},
    year = 1982,
    pagetotal = {23},
    language = {français},
    keywords = {inproceedings-crh}
    }

@inproceedings{Piponnier420-1984,
    author = {Piponnier, Françoise},
    editor = {},
    title = {La qualité de la vie en milieu rural : exemples bourguignons},
    booktitle = {Baüerliche Sachkultur des Spätmittelalters, Actes du congrès de Krems (Autriche), 1982},
    publisher = {},
    location = {Vienne},
    year = 1984,
    pagetotal = {14},
    language = {français},
    keywords = {inproceedings-crh}
    }

@inproceedings{Vincent425-1988,
    author = {Vincent, Bernard},
    editor = {A.Bazzana},
    title = {Guerre et habitat en Andalousie orientale au XVIe siècle},
    booktitle = {Castrum 3, Actes du Colloque Guerre, fortification et habitat dans le monde méditerranéen au Moyen Age, Madrid 1985},
    publisher = {},
    location = {Madrid-Rome},
    year = 1988,
    pagetotal = {7},
    language = {français},
    keywords = {inproceedings-crh}
    }

@inproceedings{Piponnier426-1985,
    author = {Piponnier, Françoise},
    editor = {},
    title = {Dai monumenti alla civiltà, il contributo degli scavi archeologici},
    booktitle = {Federico II e Fiorentino, atti del primo convegno di studi medievali della Capitanata},
    publisher = {},
    location = {Galatina},
    year = 1985,
    pagetotal = {4},
    language = {italien},
    keywords = {inproceedings-crh}
    }

@inproceedings{Vincent428-1988,
    author = {Vincent, Bernard},
    editor = {A.Redondo},
    title = {Les Morisques et le parrainage au XVIe siècle},
    booktitle = {Actes du Colloque Les parentés fictives en Espagne (XVIe-XVIIe siècle), Paris 1986},
    publisher = {},
    location = {Paris},
    year = 1988,
    pagetotal = {7},
    language = {français},
    keywords = {inproceedings-crh}
    }

@inproceedings{PoloDeBeaulieu429-1985,
    author = {Polo De Beaulieu-De Mercoyrol, Marie-Anne},
    editor = {},
    title = {L'anecdote biographique dans les exempla médiévaux},
    booktitle = {Actes du colloque Problèmes et méthodes de la biographie, 3-4 mai 1985},
    publisher = {Publications de la Sorbonne},
    location = {Paris},
    year = 1985,
    pagetotal = {11},
    language = {français},
    keywords = {inproceedings-crh}
    }

@inproceedings{Velay436-1986,
    author = {Velay-Vallantin, Catherine},
    editor = {},
    title = {Du renoncement à la présence 'dans le siècle' : le récit hagiographique dans la littérature de colportage (XVIIe-XVIIIe siècles)},
    booktitle = {Actes du Colloque Legenda Aurea. Sept siècles de diffusion},
    publisher = {Bellarmin-Vrin},
    location = {Montréal-Paris},
    year = 1986,
    pagetotal = {16},
    language = {français},
    keywords = {inproceedings-crh}
    }

@inproceedings{Reberioux439-1985,
    author = {Reberioux, Madeleine},
    editor = {},
    title = {Musée et Histoire},
    booktitle = {Colloque national sur l'histoire et son enseignement},
    publisher = {CNDP},
    location = {Paris},
    year = 1985,
    pagetotal = {9},
    language = {français},
    keywords = {inproceedings-crh}
    }

@inproceedings{Reberioux445-1985,
    author = {Reberioux, Madeleine},
    editor = {},
    title = {Les intellectuels français au XXe siècle},
    booktitle = {Actes du colloque Intellectuels français, intellectuels hongrois, Budapest 1985},
    publisher = {},
    location = {Budapest},
    year = 1985,
    pagetotal = {12},
    language = {français},
    keywords = {inproceedings-crh}
    }

@inproceedings{Pomian454-1985,
    author = {Pomian, Krzysztof},
    editor = {},
    title = {Maffei e Caylus},
    booktitle = {Nuovi studi Maffeiani, Actes du colloque Scipione Maffei e il Museo Maffeiano, Vérone, 1983},
    publisher = {},
    location = {Vérone},
    year = 1985,
    pagetotal = {19},
    language = {italien},
    keywords = {inproceedings-crh}
    }

@inproceedings{Pomian455-1985,
    author = {Pomian, Krzysztof},
    editor = {B. Chavance},
    title = {Le marxisme réel dans les pays de l'Europe centrale},
    booktitle = {Marx en perspective. Actes du colloque, Paris, 1983},
    publisher = {},
    location = {Paris},
    year = 1985,
    pagetotal = {19},
    language = {français},
    keywords = {inproceedings-crh}
    }

@inproceedings{Pomian456-1985,
    author = {Pomian, Krzysztof},
    editor = {G. Ruggieri},
    title = {Religione e politica in Polonia},
    booktitle = {Actes du Colloque Una nuova pace costantiniana ? Religione e politica negliani '80, Bologne 1984},
    publisher = {Casale Monferrato},
    location = {Bologne},
    year = 1985,
    pagetotal = {55},
    language = {italien},
    keywords = {inproceedings-crh}
    }

@inproceedings{Mane476-1984,
    author = {Mane, Perrine},
    editor = {},
    title = {L'apport de l'iconographie des calendriers pour l'étude de la vie rurale en France et en Italie (Exemple : la taille de la vigne)},
    booktitle = {Actes du Congrès international : Bäuerliche Sachkultur des Spätmittenalters, Krems, septembre 1982},
    publisher = {Verlag der Osterreichischen Akademie der Wissenschaften},
    location = {Vienne},
    year = 1984,
    pagetotal = {11},
    language = {français},
    keywords = {inproceedings-crh}
    }

@inproceedings{Mane477-1984,
    author = {Mane, Perrine},
    editor = {},
    title = {L'alimentation des paysans en France et en Italie, aux XIIe et XIIIe siècles, à travers l'iconographie des calendriers},
    booktitle = {Actes du Colloque Manger et Boire au Moyen Age, Nice octobre 1982},
    publisher = {Les Belles Lettres},
    location = {},
    year = 1984,
    pagetotal = {15},
    language = {français},
    keywords = {inproceedings-crh}
    }

@inproceedings{Mane478-1984,
    author = {Mane, Perrine and M. Closson and F. Piponnier},
    editor = {},
    title = {Le costume paysan au Moyen Age : sources et méthodes},
    booktitle = {Actes du Colloque : Vers une anthropologie du vêtement, Paris, mars 1983},
    publisher = {},
    location = {},
    year = 1984,
    pagetotal = {18},
    language = {français},
    keywords = {inproceedings-crh}
    }

@inproceedings{Mane479-1985,
    author = {Mane, Perrine},
    editor = {},
    title = {La vie agricole en Bourgogne à travers l'iconographie},
    booktitle = {Actes du Congrès des sociétés savantes, Dijon 1984},
    publisher = {CTHS},
    location = {Paris},
    year = 1985,
    pagetotal = {18},
    language = {français},
    keywords = {inproceedings-crh}
    }

@inproceedings{Schnapper483-1984,
    author = {Schnapper, Dominique},
    editor = {},
    title = {Crise économique, chômage et anomie},
    booktitle = {La crise dans tous ses états, actes du colloque de l'Association belge des sociologues de langue française, Liège, 28-30 mars 1984},
    publisher = {},
    location = {},
    year = 1984,
    pagetotal = {13},
    language = {français},
    keywords = {inproceedings-crh}
    }

@inproceedings{Sigaut502-1994,
    author = {Sigaut, François},
    editor = {D. A. Donath},
    title = {Agricultural Museums in France : Settings, series and processes},
    booktitle = {The Meeting of the Waters : Communities at work, Proceedings of the 1994 annual meeting conference of the association for living historical farms and agricultural museums (ALFHAM)},
    publisher = {},
    location = {},
    year = 1994,
    pagetotal = {3},
    language = {anglais},
    keywords = {inproceedings-crh}
    }

@inproceedings{Lemay509-1984,
    author = {Lemay, Edna},
    editor = {},
    title = {Hommes de loi, hommes des Lumières : quelques représentants typiques},
    booktitle = {Actes du Ve colloque de Matrafured, 20-24 octobre 1981},
    publisher = {},
    location = {Budapest},
    year = 1984,
    pagetotal = {24},
    language = {français},
    keywords = {inproceedings-crh}
    }

@inproceedings{Guelle511-1989,
    author = {Guelle, Françoise and G. Chanaron and E. de Banville},
    editor = {J.J.Chanaron and E.De Banville},
    title = {L'implantation des constructeurs et équipementiers japonnais et le marché européen de 1992},
    booktitle = {Actes des rencontres européennes L'Europe de 1992 : l'industrie des composants automobiles face à son avenir, Grenoble 1989},
    publisher = {},
    location = {Grenoble},
    year = 1989,
    pagetotal = {14},
    language = {français},
    keywords = {inproceedings-crh}
    }

@inproceedings{Lepetit512-1983,
    author = {Lepetit, Bernard},
    editor = {G. Livet and B. Vogler},
    title = {Pouvoir municipal et urbanisme, 1650-1750. Sources et problématique},
    booktitle = {Pouvoir, ville et société en Europe, 1650-1750, Actes du colloque international du CNRS},
    publisher = {},
    location = {Paris},
    year = 1983,
    pagetotal = {15},
    language = {français},
    keywords = {inproceedings-crh}
    }

@inproceedings{Stella514-1995,
    author = {Stella, Alessandro},
    editor = {},
    title = {Nègre de Sa Majesté. A propos du rôle de l'esclavage en Andalousie au siècle d'or},
    booktitle = {Actas del II Congreso de Historia de Andalucia, Historia Moderna},
    publisher = {},
    location = {Cordoba},
    year = 1995,
    pagetotal = {19},
    language = {français},
    keywords = {inproceedings-crh}
    }

@inproceedings{Pasquet520-1986,
    author = {Pasquet, Yvonne},
    editor = {J. Goy and J.-P. Vallot},
    title = {Alphabétisation et religion en Charente à l'aube de la IIIe République},
    booktitle = {Evolution et éclatement du monde rural. France-Québec XVIIe-XIXe siècles. Actes du colloque franco-québécois d'histoire comparée, Rochefort, 1982},
    publisher = {EHESS-PUM},
    location = {Paris-Montréal},
    year = 1986,
    pagetotal = {},
    language = {français},
    keywords = {inproceedings-crh}
    }

@inproceedings{Smedley521-1996,
    author = {Smedley-Weil, Anette},
    editor = {},
    title = {Les intendants de province sous Louis XIV : leur compétence, autorité et pratiques dans les finances des généralités},
    booktitle = {L'Administration des finances sous l'Ancien Régime, Colloque organisé par le Comité pour l'Histoire Economique et financière de la France,},
    publisher = {Ministère des finances},
    location = {Paris},
    year = 1996,
    pagetotal = {11},
    language = {français},
    keywords = {inproceedings-crh}
    }

@inproceedings{Nahoum526-1989,
    author = {Nahoum-Grappe, Véronique},
    editor = {},
    title = {La 'beauté paysanne', à l'écoute d'un cliché},
    booktitle = {Actes du Colloque d'Aurillac Le Paysan, juin 1988},
    publisher = {Edtions Christian},
    location = {Paris},
    year = 1989,
    pagetotal = {24},
    language = {français},
    keywords = {inproceedings-crh}
    }

@inproceedings{Stella533-1996,
    author = {Stella, Alessandro},
    editor = {},
    title = {Herrado en el rostro con una S y un clavo : l'homme-animal dans l'Espagne des siècles XV-XVIII},
    booktitle = {Figures de l'esclave au Moyen Age et dans le monde moderne, Actes du colloque de Paris X6Nanterre},
    publisher = {},
    location = {Paris},
    year = 1996,
    pagetotal = {17},
    language = {italien},
    keywords = {inproceedings-crh}
    }

@inproceedings{Nahoum539-1986,
    author = {Nahoum-Grappe, Véronique},
    editor = {},
    title = {Ennui et migration : pourquoi partir},
    booktitle = {Le migrant, Actes du colloque d'Aurillac, 1986},
    publisher = {},
    location = {Aurillac},
    year = 1986,
    pagetotal = {14},
    language = {français},
    keywords = {inproceedings-crh}
    }

@inproceedings{Jeannin540-1973,
    author = {Jeannin, Pierre},
    editor = {},
    title = {Aspects du développement capitaliste dans les milieux d'affaires de Rouen à la fin du XVIe siècle},
    booktitle = {Quatrième conférence internationale d'histoire économique Bloomington 1968},
    publisher = {},
    location = {Paris},
    year = 1973,
    pagetotal = {4},
    language = {français},
    keywords = {inproceedings-crh}
    }

@inproceedings{Parent544-1982,
    author = {Parent-Lardeur, Françoise},
    editor = {},
    title = {Problèmes du livre et cabinets de lecture à Paris sous la Restauration (1815-1830)},
    booktitle = {Actes du Colloque Les Problèmes du livre dans les sociétés pre-industrielles},
    publisher = {Fondation nationale de la recherche scientifique},
    location = {Athènes},
    year = 1982,
    pagetotal = {7},
    language = {français},
    keywords = {inproceedings-crh}
    }

@inproceedings{Ozouf550-1984,
    author = {Ozouf, Mona},
    editor = {},
    title = {Histoire et instruction civique},
    booktitle = {Actes du Colloque L'Enseignement de l'histoire, Montpellier, 1984},
    publisher = {Editions du Centre national de la documentation pédagogique},
    location = {Paris},
    year = 1984,
    pagetotal = {},
    language = {français},
    keywords = {inproceedings-crh}
    }

@inproceedings{Berlioz564-1983,
    author = {Berlioz, Jacques},
    editor = {},
    title = {La mémoire du prédicateur. Recherches sur la mémorisation des récits exemplaires (XIIIe-XVe siècles)},
    booktitle = {Actes du XIIIe Congrès des Historiens médiévistes de l'enseignement supérieur public, Aix en Provence, 1982},
    publisher = {},
    location = {Aix-en-Provence},
    year = 1983,
    pagetotal = {27},
    language = {français},
    keywords = {inproceedings-crh}
    }

@inproceedings{Fauve567-1989,
    author = {Fauve-Chamoux, Antoinette},
    editor = {},
    title = {La famille et le petit enfant en France au XVIIIe siècle : modèles et réalités},
    booktitle = {Actes du Congrès international des Lumières},
    publisher = {The Voltaire Foundation},
    location = {},
    year = 1989,
    pagetotal = {7},
    language = {français},
    keywords = {inproceedings-crh}
    }

@inproceedings{Berlioz569-1984,
    author = {Berlioz, Jacques},
    editor = {},
    title = {Pélerinage et pénitence dans le recueil d'exempla d'Etienne de Bourbon, O.P. (+ vers 1261)},
    booktitle = {La faute, la répression et le pardon, 107e congrès national des sociétés savantes, Brest, 1982},
    publisher = {},
    location = {Paris},
    year = 1984,
    pagetotal = {14},
    language = {français},
    keywords = {inproceedings-crh}
    }

@inproceedings{Berlioz570-1984,
    author = {Berlioz, Jacques},
    editor = {},
    title = {General and specific problems in the research about exempla (séminaire ' Index des exempla médiévaux', Paris, EHESS)},
    booktitle = {Medieval Sermon Studies, Symposium IV},
    publisher = {},
    location = {},
    year = 1984,
    pagetotal = {2},
    language = {anglais},
    keywords = {inproceedings-crh}
    }

@inproceedings{Berlioz573-1985,
    author = {Berlioz, Jacques},
    editor = {},
    title = {Virgile dans la littérature des exempla (XIIIe-XVe siècles)},
    booktitle = {Colloque Lectures médiévales de Virgile, Rome, octobre 1982},
    publisher = {},
    location = {Rome},
    year = 1985,
    pagetotal = {56},
    language = {français},
    keywords = {inproceedings-crh}
    }

@inproceedings{Pomian585-1997,
    author = {Pomian, Krzysztof},
    editor = {},
    title = {Les musées d'ethnographie dans l'Europe d'aujourd'hui},
    booktitle = {Actes des Premières Rencontres Européennes des Musées d'Ethnographie 1993},
    publisher = {Musée des ATP/Ecole du Louvre},
    location = {Paris},
    year = 1997,
    pagetotal = {12},
    language = {français},
    keywords = {inproceedings-crh}
    }

@inproceedings{Bergeron586-1983,
    author = {Bergeron, Louis},
    editor = {},
    title = {Haute Banque parisienne et spéculation immobilière au XIXe siècle},
    booktitle = {Construire la Ville, XVIII-XIXe siècles, Actes de la table ronde organisée par le Centre Pierre Léon},
    publisher = {Presses universitaires de Lyon},
    location = {Lyon},
    year = 1983,
    pagetotal = {15},
    language = {français},
    keywords = {inproceedings-crh}
    }

@inproceedings{Benoit592-1982,
    author = {Benoit, Serge},
    editor = {},
    title = {Note historique sur l'activité minière et métallurgique à Minot (Côte d'Or)},
    booktitle = {Mines et Fonderies Antiques de la Gaule, table ronde du CNRS, 21-22 novembre 1980},
    publisher = {},
    location = {Toulouse},
    year = 1982,
    pagetotal = {5},
    language = {français},
    keywords = {inproceedings-crh}
    }

@inproceedings{Benoit593-1983,
    author = {Benoit, Serge},
    editor = {P. Benoit and Ph. Braunstein},
    title = {La sidérurgie du Châtillonnais après l'avènement du procédé indirect (c. 1480 - c. 1570) : matériaux et hypothèses},
    booktitle = {Mines, Carrières et Métallurgie dans la France Médiévale, Actes du colloque de Paris, 19-21 juin 1980},
    publisher = {CNRS},
    location = {Paris},
    year = 1983,
    pagetotal = {40},
    language = {français},
    keywords = {inproceedings-crh}
    }

@inproceedings{Beutler596-1984,
    author = {Beutler, Corinne and M. Baulant},
    editor = {A. Guarducci},
    title = {Les droits de la communauté villageoise sur les cultures : glanage et chaume en France, XVIIe-XVIIIe siècles},
    booktitle = {Atti della Undicesima Settimana di Studio Agricoltura e Trasformazione dell'ambiente, secoli XIIIe-XVIIIe, Prato 1979},
    publisher = {},
    location = {Florence},
    year = 1984,
    pagetotal = {},
    language = {français},
    keywords = {inproceedings-crh}
    }

@inproceedings{Lemay600-1988,
    author = {Lemay, Edna},
    editor = {},
    title = {Volney à l'Assemblée nationale constituante},
    booktitle = {Actes du Colloque Volney et les Idéologues, 1988},
    publisher = {Presses de l'université d'Angers},
    location = {Angers},
    year = 1988,
    pagetotal = {8},
    language = {français},
    keywords = {inproceedings-crh}
    }

@inproceedings{Lemay601-1988,
    author = {Lemay, Edna},
    editor = {},
    title = {Inégalité et vote par tête au printemps 1789},
    booktitle = {Actes du Colloque Etudes sur les discours de Rousseau, Ottawa 1985},
    publisher = {},
    location = {Ottawa},
    year = 1988,
    pagetotal = {11},
    language = {français},
    keywords = {inproceedings-crh}
    }

@inproceedings{Lemay602-1988,
    author = {Lemay, Edna},
    editor = {},
    title = {Valeurs nouvelles et leur pratique dans le discours des députés juristes à l'Assemblée constituante},
    booktitle = {Actes du Colloque La Révolution et l'ordre juridique privé, rationalité ou scandale ?, Orléans 1986},
    publisher = {PUF},
    location = {Paris},
    year = 1988,
    pagetotal = {},
    language = {français},
    keywords = {inproceedings-crh}
    }

@inproceedings{Lemay603-1988,
    author = {Lemay, Edna},
    editor = {},
    title = {Le Times et la Révolution française de 1789},
    booktitle = {Actes du Colloque La Légende de la Révolution, 1986},
    publisher = {},
    location = {Clermont-Ferrand},
    year = 1988,
    pagetotal = {8},
    language = {français},
    keywords = {inproceedings-crh}
    }

@inproceedings{Braunstein604-1983,
    author = {Braunstein, Philippe and P. Benoit},
    editor = {Ph. Braunstein and P. Benoit},
    title = {Les comptes miniers d'Hurtières en Savoie au XIVe siècle},
    booktitle = {Actes du colloque de juin 1980, Mines, Carrières, Métallurgie dans la France Médiévale},
    publisher = {CNRS},
    location = {Paris},
    year = 1983,
    pagetotal = {},
    language = {français},
    keywords = {inproceedings-crh}
    }

@inproceedings{Braunstein605-1983,
    author = {Braunstein, Philippe and O. Chapelot},
    editor = {Ph. Braunstein and P. Benoit},
    title = {Mines et métallurgie en Bourgogne à la fin du Moyen Age},
    booktitle = {Actes du colloque de juin 1980, Mines, Carrières, Métallurgie dans la France Médiévale},
    publisher = {CNRS},
    location = {Paris},
    year = 1983,
    pagetotal = {},
    language = {français},
    keywords = {inproceedings-crh}
    }

@inproceedings{Lemay607-1988,
    author = {Lemay, Edna},
    editor = {?},
    title = {Pourquoi le club breton au printemps 1789 ?},
    booktitle = {Région, Nation, Europe},
    publisher = {Les Belles Lettres},
    location = {Besançon},
    year = 1988,
    pagetotal = {9},
    language = {français},
    keywords = {inproceedings-crh}
    }

@inproceedings{Braunstein612-1984,
    author = {Braunstein, Philippe},
    editor = {F. Caron},
    title = {A l'origine des privilèges d'invention aux XIVe et XVe siècles},
    booktitle = {Les brevets. Leur utilisation en histoire des techniques et de l'économie, Table ronde CNRS},
    publisher = {IHMC-Paris IV},
    location = {Paris},
    year = 1984,
    pagetotal = {8},
    language = {français},
    keywords = {inproceedings-crh}
    }

@inproceedings{Lemay618-1987,
    author = {Lemay, Edna},
    editor = {},
    title = {La référence à la Pologne à l'Assemblée constituante en France, 1789-1791},
    booktitle = {Actes du Colloque de Matrafüred},
    publisher = {},
    location = {Budapest},
    year = 1987,
    pagetotal = {13},
    language = {français},
    keywords = {inproceedings-crh}
    }

@inproceedings{Beck628-1984,
    author = {Beck-Bossard, Corinne and D. Alexandre},
    editor = {},
    title = {La préparation des repas et leur consommation en Forez au XVe siècle d'après les sources archéologiques},
    booktitle = {Colloque Manger et boire au Moyen Age, Nice 1982},
    publisher = {Les belles lettres},
    location = {Nice},
    year = 1984,
    pagetotal = {13},
    language = {français},
    keywords = {inproceedings-crh}
    }

@inproceedings{Lemay635-1989,
    author = {Lemay, Edna},
    editor = {},
    title = {Ecouter et renseigner, le journalisme du député-constituant},
    booktitle = {Actes du Colloque La Révolution du Journal, 1788-1794, Grenoble 1988},
    publisher = {CNRS},
    location = {Paris},
    year = 1989,
    pagetotal = {},
    language = {français},
    keywords = {inproceedings-crh}
    }

@inproceedings{Lemay637-1987,
    author = {Lemay, Edna},
    editor = {},
    title = {Le modèle suédois à la Révolution française ou les dangers de la démocratie},
    booktitle = {Actes du Congrès des Lumières, Budapest 1987},
    publisher = {},
    location = {Budapest},
    year = 1987,
    pagetotal = {5},
    language = {français},
    keywords = {inproceedings-crh}
    }

@inproceedings{Mane658-1988,
    author = {Mane, Perrine},
    editor = {},
    title = {Les calendriers sculptés de Poitou-Charente},
    booktitle = {Actes du IIIe Congrès National des Sociétés Savantes, section archéologie et histoire de l'art},
    publisher = {},
    location = {Paris},
    year = 1988,
    pagetotal = {13},
    language = {français},
    keywords = {inproceedings-crh}
    }

@inproceedings{Alexandre682-1984,
    author = {Alexandre-Bidon, Danièle and M. Closson},
    editor = {},
    title = {Femmes battues, maris battus, amants battus à travers les miniatures (XIIIe-XVe siècles)},
    booktitle = {Actes du Colloque Amour, Mariage et Transgression au Moyen-Age, Amiens, 1983},
    publisher = {Kümmerle Verlag},
    location = {Göttingen},
    year = 1984,
    pagetotal = {21},
    language = {français},
    keywords = {inproceedings-crh}
    }

@inproceedings{Alexandre683-1984,
    author = {Alexandre-Bidon, Danièle and C. Beck-Bossard},
    editor = {},
    title = {La préparation des repas et leur consommation en Forez au XVe siècle, d'après les sources archéologiques},
    booktitle = {Actes du Colloque Boire et Manger au Moyen-Age, Nice, 1982},
    publisher = {Les Belles Lettres},
    location = {},
    year = 1984,
    pagetotal = {13},
    language = {français},
    keywords = {inproceedings-crh}
    }

@inproceedings{Andreau693-1985,
    author = {Andreau, Jean},
    editor = {},
    title = {L'état romain face au monde de la banque et du crédit},
    booktitle = {Etats, fiscalités, économies, Actes du IVe Congrès de l'A.F.H.E.},
    publisher = {},
    location = {Paris},
    year = 1985,
    pagetotal = {9},
    language = {français},
    keywords = {inproceedings-crh}
    }

@inproceedings{Antoniadis696-1984,
    author = {Antoniadis, Hélène},
    editor = {},
    title = {Propositions pour l'étude de l'Histoire de la Résistance},
    booktitle = {Actes du Colloque pour l'Histoire de la Résistance Nationale, Athènes, octobre 1984},
    publisher = {},
    location = {Athènes},
    year = 1984,
    pagetotal = {4},
    language = {français},
    keywords = {inproceedings-crh}
    }

@inproceedings{Braunstein700-1982,
    author = {Braunstein, Philippe},
    editor = {},
    title = {Confins italiens de l'Empire : nations, frontières et sensibilité européenne dans la seconde moitié du XVe siècle},
    booktitle = {La conscience européenne aux XVe et XVIe siècles, Actes du colloque de l'ENS de Sèvres},
    publisher = {},
    location = {Paris},
    year = 1982,
    pagetotal = {14},
    language = {français},
    keywords = {inproceedings-crh}
    }

@inproceedings{Burguiere710-1981,
    author = {Burguiere, André},
    editor = {J.Le Goff and J.C.Schmitt},
    title = {Pratique du charivari et répression religieuse dans la France d'ancien régime},
    booktitle = {Le charivari},
    publisher = {Mouton/EHESS},
    location = {Paris/La Haye},
    year = 1981,
    pagetotal = {19},
    language = {français},
    keywords = {inproceedings-crh}
    }

@inproceedings{Aymard713-1986,
    author = {Aymard, Maurice},
    editor = {},
    title = {L'Italia-Mondo},
    booktitle = {Braudel e l'Italia, Atti del convegno di Studi nel 1e anniversario della morte di Fernand Braudel, Prato, novembre 1986},
    publisher = {},
    location = {Prato},
    year = 1986,
    pagetotal = {},
    language = {italien},
    keywords = {inproceedings-crh}
    }

@inproceedings{Aymard716-1986,
    author = {Aymard, Maurice},
    editor = {},
    title = {Pour une histoire des élites dans l'Italie moderne},
    booktitle = {Atti del convegno internazionale La famiglia e la vita quotidiana in Europa dal'400 al'600, Milan, décembre 1983},
    publisher = {},
    location = {Rome},
    year = 1986,
    pagetotal = {13},
    language = {français},
    keywords = {inproceedings-crh}
    }

@inproceedings{Desaive720-1987,
    author = {Desaive, Jean-Paul},
    editor = {},
    title = {L'acquisition ou la vente foncière : en Vallée d'Aillant au XVIIIe siècle},
    booktitle = {Actes du 109e Congrès national des Sociétés savantes, Dijon 1984},
    publisher = {Bibliothèque nationale},
    location = {Paris},
    year = 1987,
    pagetotal = {10},
    language = {français},
    keywords = {inproceedings-crh}
    }

@inproceedings{LeGoff732-1986,
    author = {Le Goff, Jacques},
    editor = {},
    title = {Le roi enfant dans l'idéologie monarchique de l'Occident médiéval},
    booktitle = {Actes du Colloque Historicité de l'enfance et de la jeunesse, Athènes 1986},
    publisher = {},
    location = {Athènes},
    year = 1986,
    pagetotal = {20},
    language = {français},
    keywords = {inproceedings-crh}
    }

@inproceedings{Desaive742-1986,
    author = {Desaive, Jean-Paul},
    editor = {J. Goy and J.-P. Wallot},
    title = {Patrimoine, généalogie et centième denier},
    booktitle = {Evolution et éclatement du monde rural. France-Québec, XVIIe-XIXe siècles. Actes du colloque franco-québécois d'histoire comparée, Rochefort, 1982},
    publisher = {EHESS-PUM},
    location = {Paris-Montréal},
    year = 1986,
    pagetotal = {},
    language = {français},
    keywords = {inproceedings-crh}
    }

@inproceedings{Baschet743-1996,
    author = {Baschet, Jérôme},
    editor = {Y. Christe},
    title = {Le sein d'Abraham : un lieu de l'au-delà ambigu (théologie, liturgie, iconographie )},
    booktitle = {De l'Art comme mystagogie. Iconographie du Jugement dernier et des fins dernières à l'époque gothique. Actes du Colloque de Genève},
    publisher = {},
    location = {Poitiers},
    year = 1996,
    pagetotal = {24},
    language = {français},
    keywords = {inproceedings-crh}
    }

@inproceedings{Debert747-1984,
    author = {Debert, Aline},
    editor = {},
    title = {Bibliographie de l'abbaye Saint-Michel de Frigolet et de ses religieux},
    booktitle = {Actes du colloque historique Création et tradition à Saint-Michel de Frigolet : la restauration de l'ordre de Prémontré par le Père Edmond Boulbon (1817-1883)},
    publisher = {Abbaye Saint-Michel de Frigolet},
    location = {Tarascon-sur-Rhône},
    year = 1984,
    pagetotal = {11},
    language = {français},
    keywords = {inproceedings-crh}
    }

@inproceedings{Rucquoi748-1996,
    author = {Rucquoi, Adeline},
    editor = {},
    title = {Los franciscanos en el reino de Castilla},
    booktitle = {VI Semana de Estudios Medievales de Nàjera,},
    publisher = {Instituto de Estudios Riojanos},
    location = {Logrono},
    year = 1996,
    pagetotal = {},
    language = {espagnol},
    keywords = {inproceedings-crh}
    }

@inproceedings{Alexandre750-1988,
    author = {Alexandre-Bidon, Danièle},
    editor = {},
    title = {L'image de l'archéologie dans le grand public à travers la science-fiction},
    booktitle = {Actes du Colloque L'archéologie et son image, Juan-les-Pins 1987},
    publisher = {},
    location = {Antibes},
    year = 1988,
    pagetotal = {18},
    language = {français},
    keywords = {inproceedings-crh}
    }

@inproceedings{Descimon751-1985,
    author = {Descimon, Robert},
    editor = {B. Chevalier and R. Sauzet},
    title = {Prise de parti, appartenance sociale et relations familiales dans la Ligue parisienne (1585-1594)},
    booktitle = {Les Réformes. Enracinement socio-culturel, XXVe colloque international d'études humanistes, Tours, 1-13 juillet 1982},
    publisher = {éd. de la Maisnie},
    location = {Paris},
    year = 1985,
    pagetotal = {14},
    language = {français},
    keywords = {inproceedings-crh}
    }

@inproceedings{Chartier756-1987,
    author = {Chartier, Roger and D. Julia},
    editor = {},
    title = {L'école : traditions et modernisation},
    booktitle = {Actes du VIIe Congrès International des Lumières : rapports préliminaires},
    publisher = {The Voltaire Foundation},
    location = {Oxford},
    year = 1987,
    pagetotal = {11},
    language = {français},
    keywords = {inproceedings-crh}
    }

@inproceedings{Descimon759-1984,
    author = {Descimon, Robert and Ch. Jouhaud},
    editor = {J. Nicolas},
    title = {De Paris à Bordeaux : pour qui court le peuple pendant la Fronde (1652) ?},
    booktitle = {Mouvements populaires et conscience sociale, Colloque de l'université ParisVII-CNRS, Paris 1984},
    publisher = {Maloine},
    location = {Paris},
    year = 1984,
    pagetotal = {12},
    language = {français},
    keywords = {inproceedings-crh}
    }

@inproceedings{Alexandre760-1987,
    author = {Alexandre-Bidon, Danièle},
    editor = {},
    title = {Libertés et contraintes dans l'éducation des jeunes enfants à la fin du Moyen Age},
    booktitle = {Actes du Colloque Les libertés au Moyen Age, Montbrison, 1986},
    publisher = {},
    location = {Montbrison},
    year = 1987,
    pagetotal = {12},
    language = {français},
    keywords = {inproceedings-crh}
    }

@inproceedings{Chartier766-1987,
    author = {Chartier, Roger and D. Roche},
    editor = {},
    title = {Livres et presse : véhicules des idées},
    booktitle = {Actes du VIIe Congrès International des Lumières : rapports préliminaires, Budapest 1987},
    publisher = {The Voltaire Foundation},
    location = {Oxford},
    year = 1987,
    pagetotal = {14},
    language = {français},
    keywords = {inproceedings-crh}
    }

@inproceedings{Alexandre772-1987,
    author = {Alexandre-Bidon, Danièle and F. Piponnier},
    editor = {},
    title = {Gestes et objets de la toilette aux XIVe et XVe siècles},
    booktitle = {Actes du Colloque Les soins de beauté au Moyen Age, Grasse 1985},
    publisher = {},
    location = {Nice},
    year = 1987,
    pagetotal = {34},
    language = {français},
    keywords = {inproceedings-crh}
    }

@inproceedings{Debert787-1986,
    author = {Debert, Aline},
    editor = {},
    title = {Quelques références sur quatre pélerinages prémontrés français (Benoîtevaux, Sélincourt, Braine, Sarrance)},
    booktitle = {Actes officiels du 11e Colloque du Centre d'Etudes et de Recherches Prémontrées},
    publisher = {CERP},
    location = {Amiens},
    year = 1986,
    pagetotal = {11},
    language = {français},
    keywords = {inproceedings-crh}
    }

@inproceedings{Debert791-1986,
    author = {Debert, Aline},
    editor = {},
    title = {Le pélerinage de Benoîte-Vaux},
    booktitle = {Actes officiels du 11e Colloque du Centre d'Etudes et de Recherches Prémontrées},
    publisher = {CERP},
    location = {Amiens},
    year = 1986,
    pagetotal = {6},
    language = {français},
    keywords = {inproceedings-crh}
    }

@inproceedings{Vincent814-1985,
    author = {Vincent, Bernard and R. Carrasco},
    editor = {},
    title = {Amours et mariage chez les Morisques},
    booktitle = {Amours légitimes, amours illégitimes en Espagne, XVIe-XVIIe siècles, Actes du colloque},
    publisher = {Publications de la Sorbonne},
    location = {Paris},
    year = 1985,
    pagetotal = {19},
    language = {français},
    keywords = {inproceedings-crh}
    }

@inproceedings{Chapelot818-1983,
    author = {Chapelot, Odette and Ph. Braunstein},
    editor = {P. Benoit and Ph. Braunstein},
    title = {Mines et métallurgie en Bourgogne à la fin du Moyen Age : première esquisse},
    booktitle = {Mines carrières et métallurgie dans la France médiévale, Actes du colloque de Paris, 1980},
    publisher = {CNRS},
    location = {Paris},
    year = 1983,
    pagetotal = {37},
    language = {français},
    keywords = {inproceedings-crh}
    }

@inproceedings{Chartier835-1985,
    author = {Chartier, Roger},
    editor = {},
    title = {Construction de l'Etat moderne et formes culturelles : perspectives et questions},
    booktitle = {Culture et Idéologie dans la Genèse de l'Etat Moderne, Actes de la table ronde organisée par le CNRS et l'Ecole française de Rome, Rome, 15-17 octobre 1984},
    publisher = {Collection de l'Ecole française de rome},
    location = {Rome},
    year = 1985,
    pagetotal = {13},
    language = {français},
    keywords = {inproceedings-crh}
    }

@inproceedings{Rucquoi836-1995,
    author = {Rucquoi, Adeline},
    editor = {},
    title = {La cofradia de la Santa Sangre de Brujas},
    booktitle = {Las cofradias de la Santa Vera Cruz, Actas del I Congreso internacional de Cofradias de la Santa Vera Cruz (Séville 1992)},
    publisher = {CEIRA-Universidad},
    location = {Séville},
    year = 1995,
    pagetotal = {10},
    language = {espagnol},
    keywords = {inproceedings-crh}
    }

@inproceedings{Flandrin839-1979,
    author = {Flandrin, Jean-Louis},
    editor = {},
    title = {Médecine et habitudes alimentaires anciennes},
    booktitle = {Actes du Colloque Pratiques et discours alimentaires à la Renaissance},
    publisher = {},
    location = {},
    year = 1979,
    pagetotal = {11},
    language = {français},
    keywords = {inproceedings-crh}
    }

@inproceedings{Fauve870-1982,
    author = {Fauve, Antoinette},
    editor = {J.Le Goff and J.C.Schmitt},
    title = {Rapport de séance},
    booktitle = {Le charivari. Colloque EHESS},
    publisher = {EHESS},
    location = {Paris},
    year = 1982,
    pagetotal = {3},
    language = {français},
    keywords = {inproceedings-crh}
    }

@inproceedings{Hemardinquer899-1965,
    author = {Hemardinquer, Jean-Jacques},
    editor = {},
    title = {Un paysage en voie de disparition. La vigne en hautains dans la région du Léman et à travers la France du sud},
    booktitle = {Actes du 89e congrès des sociétés savantes, section de géographie, Lyon, 1964},
    publisher = {},
    location = {},
    year = 1965,
    pagetotal = {21},
    language = {français},
    keywords = {inproceedings-crh}
    }

@inproceedings{Hemardinquer904-1963,
    author = {Hemardinquer, Jean-Jacques},
    editor = {},
    title = {Maïs ou sarrasin ? Une lecture rapide d'A. de Candolle...},
    booktitle = {Actes du 88e congrès national des sociétés savantes},
    publisher = {},
    location = {},
    year = 1963,
    pagetotal = {8},
    language = {français},
    keywords = {inproceedings-crh}
    }

@inproceedings{Hemardinquer911-1960,
    author = {Hemardinquer, Jean-Jacques},
    editor = {},
    title = {La fonderie de Nevers et ses banquiers},
    booktitle = {Actes du 84e congrès national des sociétés savantes, Dijon, 1959, section d'histoire moderne et contemporaine},
    publisher = {},
    location = {},
    year = 1960,
    pagetotal = {25},
    language = {français},
    keywords = {inproceedings-crh}
    }

@inproceedings{Hemardinquer916-1964,
    author = {Hemardinquer, Jean-Jacques},
    editor = {},
    title = {Activités bancaires dans le Centre au début du XIXe siècle d'après la correspondance d'un banquier de Nevers},
    booktitle = {Actes du 88e congrès national des sociétés savantes, Clermont-Ferrand, 1963, section d'histoire moderne...},
    publisher = {},
    location = {},
    year = 1964,
    pagetotal = {25},
    language = {français},
    keywords = {inproceedings-crh}
    }

@inproceedings{Hemardinquer917-1965,
    author = {Hemardinquer, Jean-Jacques},
    editor = {},
    title = {Banque et crédit. Documents sur les crises de 1800-1815 à Lyon (archives notariales)},
    booktitle = {Actes du 89e congrès national des sociétés savantes, Lyon, 1964},
    publisher = {},
    location = {},
    year = 1965,
    pagetotal = {25},
    language = {français},
    keywords = {inproceedings-crh}
    }

@inproceedings{Hemardinquer918-1965,
    author = {Hemardinquer, Jean-Jacques},
    editor = {},
    title = {Lettres et mémoires inédits de l'abbé Expilly. Nice à l'heure du despotisme éclairé},
    booktitle = {Actes du 90e congrès national des sociétés savantes},
    publisher = {},
    location = {},
    year = 1965,
    pagetotal = {28},
    language = {français},
    keywords = {inproceedings-crh}
    }

@inproceedings{Hemardinquer919-1967,
    author = {Hemardinquer, Jean-Jacques},
    editor = {},
    title = {Aspects du marché français des indiennes au début du XIXe siècle. Les Mulhouses extérieures},
    booktitle = {Actes du 92e congrès national des sociétés savantes},
    publisher = {},
    location = {},
    year = 1967,
    pagetotal = {15},
    language = {français},
    keywords = {inproceedings-crh}
    }

@inproceedings{Hemardinquer920-1969,
    author = {Hemardinquer, Jean-Jacques},
    editor = {},
    title = {Un entrepreneur de défrichements au XVIIIe siècle},
    booktitle = {Actes du 92e congrès national des sociétés savantes},
    publisher = {},
    location = {},
    year = 1969,
    pagetotal = {15},
    language = {français},
    keywords = {inproceedings-crh}
    }

@inproceedings{Hemardinquer921-1974,
    author = {Hemardinquer, Jean-Jacques},
    editor = {},
    title = {Law, Liège et la reconstruction industrielle d'Arcis-sur-Aube},
    booktitle = {Actes du 95e congrès national des sociétés savantes, Reims, 1970},
    publisher = {},
    location = {},
    year = 1974,
    pagetotal = {21},
    language = {français},
    keywords = {inproceedings-crh}
    }

@inproceedings{Jeannin954-1967,
    author = {Jeannin, Pierre},
    editor = {},
    title = {Attitudes culturelles et stratifications sociales : réflexions sur le XVIIe siècle européen, dans <Vvi>Niveaux de culture et groupes sociaux</Vvi>},
    booktitle = {Actes du colloque réuni à L'ENS, 7-9 mai 1966, Niveaux de culture et groupes sociaux},
    publisher = {},
    location = {Paris},
    year = 1967,
    pagetotal = {71},
    language = {français},
    keywords = {inproceedings-crh}
    }

@inproceedings{Peter982-1968,
    author = {Peter, Jean-Pierre},
    editor = {},
    title = {Pourquoi les étudiants},
    booktitle = {L'Homme et la société},
    publisher = {},
    location = {},
    year = 1968,
    pagetotal = {},
    language = {français},
    keywords = {inproceedings-crh}
    }

@inproceedings{Rollet989-1975,
    author = {Rollet, Catherine},
    editor = {},
    title = {La mortalité infantile au XIXe siècle en France, importance du mode d'alimentation},
    booktitle = {Vème Colloque National de Démographie du CNRS},
    publisher = {},
    location = {},
    year = 1975,
    pagetotal = {29},
    language = {français},
    keywords = {inproceedings-crh}
    }

@inproceedings{LeGoff1009-1967,
    author = {Le Goff, Jacques},
    editor = {},
    title = {Note sur une idéologie monarchique, essor économique et société tripartie dans l'occident des 9-12 siècles},
    booktitle = {Colloque de Varsovie sur la naissance des Etats Européens aux Xe-XIE siècles},
    publisher = {},
    location = {},
    year = 1967,
    pagetotal = {},
    language = {français},
    keywords = {inproceedings-crh}
    }

@inproceedings{LeGoff1010-1967,
    author = {Le Goff, Jacques},
    editor = {},
    title = {Le sel dans la politique internationale au Moyen Age},
    booktitle = {Colloque d'histoire maritime sur le sel dans l'histoire maritime},
    publisher = {},
    location = {},
    year = 1967,
    pagetotal = {},
    language = {français},
    keywords = {inproceedings-crh}
    }

@inproceedings{LeGoff1011-1967,
    author = {Le Goff, Jacques},
    editor = {},
    title = {L'Occident médiéval et l'Océan Indien: un horizon onirique},
    booktitle = {Colloque d'histoire maritime sur l'occident médiéval et l'Océan Indien: un horizon onirique},
    publisher = {},
    location = {},
    year = 1967,
    pagetotal = {},
    language = {français},
    keywords = {inproceedings-crh}
    }

@inproceedings{LeGoff1012-1967,
    author = {Le Goff, Jacques},
    editor = {},
    title = {Francesco d'Assisi. C.E.I. Milan, La notion d'Université en France à la Renaissance},
    booktitle = {Colloque de Cracovie sur la notion d'Université, XIVe-XVIIIe siècle},
    publisher = {},
    location = {},
    year = 1967,
    pagetotal = {},
    language = {français},
    keywords = {inproceedings-crh}
    }

@inproceedings{Pesez1017-1967,
    author = {Pesez, Jean-Marie},
    editor = {},
    title = {Les promesses de l'Archéologie rurale en France},
    booktitle = {Actes du Ier Congrès International d'Archéologie slave,(Varsovie 1965)},
    publisher = {},
    location = {},
    year = 1967,
    pagetotal = {},
    language = {français},
    keywords = {inproceedings-crh}
    }

@inproceedings{Vidal-Naquet1041-1968,
    author = {Vidal-Naquet, Pierre},
    editor = {},
    title = {The Black hunter and the origin of the Athenian Ephebia},
    booktitle = {Proceedings of the Cambridge Philological Society},
    publisher = {},
    location = {},
    year = 1968,
    pagetotal = {16},
    language = {anglais},
    keywords = {inproceedings-crh}
    }

@inproceedings{Antoniadis1043-1970,
    author = {Antoniadis-Bibicou, Hélène},
    editor = {},
    title = {Vocabulaire maritime et puissance navale en Méditerranée orientale au Moyen Age, d'après quelques textes grecs},
    booktitle = {Actes du Vie colloque international d'histoire maritime, Venise, septembre 1962, Mediterraneo e Oceano indiano},
    publisher = {},
    location = {Florence},
    year = 1970,
    pagetotal = {},
    language = {français},
    keywords = {inproceedings-crh}
    }

@inproceedings{Dupaquier1059-1970,
    author = {Dupaquier, Jacques},
    editor = {},
    title = {Le peuplement de l'élection de Tours du XVIIe au XVIIIe siècles},
    booktitle = {Actes des sociétés savantes, Tours 1970},
    publisher = {},
    location = {},
    year = 1970,
    pagetotal = {},
    language = {français},
    keywords = {inproceedings-crh}
    }

@inproceedings{Hemardinquer1072-1970,
    author = {Hemardinquer, Jean-Jacques},
    editor = {},
    title = {Un atlas des 'voyages de plantes' (cultures vivrières)},
    booktitle = {Actes du 93e Congrès national des sociétés savantes},
    publisher = {},
    location = {},
    year = 1970,
    pagetotal = {},
    language = {français},
    keywords = {inproceedings-crh}
    }

@inproceedings{Hemardinquer1074-1969,
    author = {Hemardinquer, Jean-Jacques},
    editor = {},
    title = {Sur la limite de l'olivier},
    booktitle = {Actes du 93e Congrès national des sociétés savantes},
    publisher = {},
    location = {},
    year = 1969,
    pagetotal = {},
    language = {français},
    keywords = {inproceedings-crh}
    }

@inproceedings{Roche1093-1970,
    author = {Roche, Daniel},
    editor = {},
    title = {Théâtre et société dans l'Europe du XVIe et du XVIIe siècles},
    booktitle = {Colloque Dramaturgie et société, Nancy 14-21 avril 1967},
    publisher = {},
    location = {},
    year = 1970,
    pagetotal = {},
    language = {français},
    keywords = {inproceedings-crh}
    }

@inproceedings{Desaive1112-1971,
    author = {Desaive, Jean-Paul},
    editor = {},
    title = {L'alimentation populaire d'après les archives de l'académie de Médecine (1774-1794)},
    booktitle = {Actes du 93e Congrès des sociétés savantes (Tours, 1968)},
    publisher = {},
    location = {},
    year = 1971,
    pagetotal = {},
    language = {français},
    keywords = {inproceedings-crh}
    }

@inproceedings{Hemardinquer1122-1971,
    author = {Hemardinquer, Jean-Jacques},
    editor = {},
    title = {Un entrepreneur de défrichements au XVIIe siècle : Daniel Nésep},
    booktitle = {Actes du congrès national des sociétés savantes, Pau, 1969},
    publisher = {},
    location = {Paris},
    year = 1971,
    pagetotal = {15},
    language = {français},
    keywords = {inproceedings-crh}
    }

@inproceedings{Bergeron1129-1989,
    author = {Bergeron, Louis},
    editor = {F.Andreucci and A.Pescarolo},
    title = {Sviluppo regionale e identità culturale : gli ambienti degli affari nella Franciadel XIX secolo},
    booktitle = {Actes du Colloque de Florence 1985, Gli Spazi del Potere},
    publisher = {Uscher},
    location = {Florence},
    year = 1989,
    pagetotal = {10},
    language = {italien},
    keywords = {inproceedings-crh}
    }

@inproceedings{Asdrachas1146-1975,
    author = {Asdrachas, S},
    editor = {},
    title = {Salaires ruraux et salaires urbains en Grèce à la fin du XVIIIe et au commencement du XIXe siècles},
    booktitle = {La force de travail dans les cités méditerranéenne du milieu du XVIIIe au milieu du XIXe siècles. Actes des journées d'études, Bendor, 19 et 20 avril 1974},
    publisher = {},
    location = {},
    year = 1975,
    pagetotal = {14},
    language = {français},
    keywords = {inproceedings-crh}
    }

@inproceedings{Bergeron1156-1975,
    author = {Bergeron, Louis},
    editor = {},
    title = {Paris dans l'organisation des échanges intérieurs français à la fin du XVIIIe siècle},
    booktitle = {Aires et structures du commerce français au XVIIIe siècle, colloque national de l'AFHE, 1973},
    publisher = {},
    location = {Lyon},
    year = 1975,
    pagetotal = {},
    language = {français},
    keywords = {inproceedings-crh}
    }

@inproceedings{Braunstein1158-1973,
    author = {Braunstein, Philippe},
    editor = {},
    title = {Remarques sur la population allemande de Venise à la fin du Moyen Age},
    booktitle = {Congrès Venezia tra Oriente e Occidente},
    publisher = {},
    location = {},
    year = 1973,
    pagetotal = {},
    language = {français},
    keywords = {inproceedings-crh}
    }

@inproceedings{Courbin1172-1978,
    author = {Courbin, Paul},
    editor = {},
    title = {La céramique de la Grèce de l'Est à Ras el Bassit},
    booktitle = {Actes du colloque de Naples, juillet 1976},
    publisher = {},
    location = {Naples},
    year = 1978,
    pagetotal = {},
    language = {français},
    keywords = {inproceedings-crh}
    }

@inproceedings{Klapisch1207-1974,
    author = {Klapisch, Christiane},
    editor = {},
    title = {Le cadastre florentin et la quantification. Quelques méthodes d'analyse statistique appliquées à un corpus du Moyen Age},
    booktitle = {Actes du colloque, Varsovie, 1974, Méthodes quantitatives en histoire},
    publisher = {},
    location = {},
    year = 1974,
    pagetotal = {17},
    language = {polonais},
    keywords = {inproceedings-crh}
    }

@inproceedings{Raulot1236-1976,
    author = {Raulot, J.-Y and P. Bourdelais},
    editor = {},
    title = {Géographie de la mortalité infantile dans la France du XIXe siècle},
    booktitle = {5e colloque national de démographie},
    publisher = {},
    location = {},
    year = 1976,
    pagetotal = {},
    language = {français},
    keywords = {inproceedings-crh}
    }

@inproceedings{Beck1259-1976,
    author = {Beck, Patrice and J.-M. Poisson and B. Maccari,},
    editor = {},
    title = {Gangi Vecchio},
    booktitle = {Atti del Colloquio internazionale di archeologia medievale},
    publisher = {},
    location = {Palerme},
    year = 1976,
    pagetotal = {6},
    language = {italien},
    keywords = {inproceedings-crh}
    }

@inproceedings{Brun1270-1975,
    author = {Brun-Rovet, Jeanine},
    editor = {},
    title = {La femme en Angleterre et dans les colonies américaines aux XVIIe et XVIIIe siècles},
    booktitle = {Actes du colloque de la société d'études anglo-américaines des XVIIe-XVIIIe siècles},
    publisher = {},
    location = {},
    year = 1975,
    pagetotal = {},
    language = {français},
    keywords = {inproceedings-crh}
    }

@inproceedings{Fauve1284-1973,
    author = {Fauve-Chamoux, Antoinette},
    editor = {},
    title = {Reims au XVIIIe siècle : une population urbaine},
    booktitle = {Actes du colloque sur la ville au XVIIIe siècle},
    publisher = {},
    location = {},
    year = 1973,
    pagetotal = {8},
    language = {français},
    keywords = {inproceedings-crh}
    }

@inproceedings{Chapelot1286-1976,
    author = {Chapelot, Odette},
    editor = {},
    title = {La fourniture de la pierre sur les chantiers bourguignons XIVe-XVe siècles},
    booktitle = {98e congrès national des sociétés savantes},
    publisher = {},
    location = {},
    year = 1976,
    pagetotal = {17},
    language = {français},
    keywords = {inproceedings-crh}
    }

@inproceedings{Desaive1318-1976,
    author = {Desaive, Jean-Paul and M.-C. Lapeyre},
    editor = {},
    title = {Le bailliage d'Amont (1629-1688). Dénombrements et cartographie},
    booktitle = {Actes du 99e congrès national des sociétés savantes},
    publisher = {},
    location = {},
    year = 1976,
    pagetotal = {},
    language = {français},
    keywords = {inproceedings-crh}
    }

@inproceedings{Goy1331-1976,
    author = {Goy, Joseph},
    editor = {},
    title = {Les crises de subsistances dites d' ancien type dans la France du Sud, 1650-1789},
    booktitle = {Cahiers de la Méditerranée, Actes de Bendor},
    publisher = {},
    location = {},
    year = 1976,
    pagetotal = {},
    language = {français},
    keywords = {inproceedings-crh}
    }

@inproceedings{Goy1332-1978,
    author = {Goy, Joseph and E. Le Roy Ladurie},
    editor = {},
    title = {Prestations paysannes, dîmes, rente foncière et mouvement de la production agricole à l'époque pré-industrielle},
    booktitle = {Seventh InternationalEconomic Congress},
    publisher = {},
    location = {Edimbourg},
    year = 1978,
    pagetotal = {},
    language = {français},
    keywords = {inproceedings-crh}
    }

@inproceedings{Guillou1339-1976,
    author = {Guillou, André},
    editor = {},
    title = {L'habitat nell'Italia bizantina : esarcato, Sicilia, catepanato (VI-XI secolo)},
    booktitle = {Atti del colloquio internazionale di archeologia medievale, Palerme, 1976},
    publisher = {},
    location = {Palerme},
    year = 1976,
    pagetotal = {15},
    language = {italien},
    keywords = {inproceedings-crh}
    }

@inproceedings{Guillou1342-1976,
    author = {Guillou, André},
    editor = {},
    title = {Le poids des conditions matérielles, sociales et économiques sur la production culturelle à Byzance de 1071 à 1261},
    booktitle = {XVe congrès international d'études byzantines. Rapports et co-rapports},
    publisher = {},
    location = {},
    year = 1976,
    pagetotal = {24},
    language = {français},
    keywords = {inproceedings-crh}
    }

@inproceedings{Guillou1348-1977,
    author = {Guillou, André},
    editor = {},
    title = {Les actes grecs de la pratique juridique en Italie méridionale et en Sicile du IXe au XVe siècles},
    booktitle = {Colloques internationaux du C.N.R.S. , 1974},
    publisher = {},
    location = {},
    year = 1977,
    pagetotal = {5},
    language = {français},
    keywords = {inproceedings-crh}
    }

@inproceedings{Guillou1349-1977,
    author = {Guillou, André},
    editor = {},
    title = {Ecriture ou écritures des actes grecs de la pratique juridique du IVe au VIIIe siècle - Ecriture des 'oligogrammatoi' d'après leurs souscriptions (XIe-XVe siècles) - Valeur probatoire de l'acte écrit},
    booktitle = {Colloques internationaux du C.N.R.S. , 1974},
    publisher = {},
    location = {},
    year = 1977,
    pagetotal = {9},
    language = {français},
    keywords = {inproceedings-crh}
    }

@inproceedings{Guillou1352-1977,
    author = {Guillou, André},
    editor = {},
    title = {L'organisation ecclésiastique de l'Italie byzantine autour de 1050 : de la métropole aux églises privées},
    booktitle = {Atti della sesta settimana internazionale di studio, Milan 1974},
    publisher = {},
    location = {},
    year = 1977,
    pagetotal = {14},
    language = {français},
    keywords = {inproceedings-crh}
    }

@inproceedings{Guillou1353-1972,
    author = {Guillou, André},
    editor = {},
    title = {Les Saints-Chrysanthe-et-Daria à Oria dans les Fouilles (Italie), dossier archéologique},
    booktitle = {Actes du 97e congrès national des sociétés savantes},
    publisher = {},
    location = {},
    year = 1972,
    pagetotal = {11},
    language = {français},
    keywords = {inproceedings-crh}
    }

@inproceedings{Guillou1354-1977,
    author = {Guillou, André},
    editor = {},
    title = {Longobardie, Byzantini e Normanni nell'Italia meridionale : continuità o frattura ?},
    booktitle = {Atti del secondo convegno internazionale di studio sulla civiltà rupestre medioevale nel Mezzogiorno d'Italia (Taranto 1973)},
    publisher = {},
    location = {},
    year = 1977,
    pagetotal = {39},
    language = {italien},
    keywords = {inproceedings-crh}
    }

@inproceedings{Hemardinquer1358-1976,
    author = {Hemardinquer, Jean-Jacques},
    editor = {},
    title = {L'introduction du maïs et ses conséquences pendant les invasions françaises en Franche-Comté},
    booktitle = {Actes du 99e Congrès national des sociétés savantes (Besançon, 1974)},
    publisher = {},
    location = {},
    year = 1976,
    pagetotal = {18},
    language = {français},
    keywords = {inproceedings-crh}
    }

@inproceedings{Hemardinquer1359-1977,
    author = {Hemardinquer, Jean-Jacques},
    editor = {},
    title = {Guerre aux châteaux (1675) : remarques sur l'affaire du Kergoat...},
    booktitle = {Actes du 97e Congrès... Nantes 1972...},
    publisher = {},
    location = {},
    year = 1977,
    pagetotal = {14},
    language = {français},
    keywords = {inproceedings-crh}
    }

@inproceedings{Lapeyre1378-1976,
    author = {Lapeyre, M.-C and DESAIVE,J.-P. and PEROUAS,L},
    editor = {},
    title = {Le baillage d'Amont en 1618 et 1688, dénombrements et cartographie},
    booktitle = {Actes du 99e congrès national des Sociétés Savantes},
    publisher = {},
    location = {},
    year = 1976,
    pagetotal = {},
    language = {français},
    keywords = {inproceedings-crh}
    }

@inproceedings{LeGoff1380-1977,
    author = {Le Goff, Jacques},
    editor = {},
    title = {Les gestes symboliques dans la vie sociale. Les gestes de la vassalité},
    booktitle = {Actes de la Settimana de Spolète sur le Symbolisme},
    publisher = {},
    location = {},
    year = 1977,
    pagetotal = {},
    language = {français},
    keywords = {inproceedings-crh}
    }

@inproceedings{Pesez1402-1976,
    author = {Pesez, Jean-Marie},
    editor = {},
    title = {Archéologie et histoire de l'habitat à Brucato},
    booktitle = {Atti del colloquio internazionale di archeologia medievale},
    publisher = {},
    location = {Palerme},
    year = 1976,
    pagetotal = {11},
    language = {français},
    keywords = {inproceedings-crh}
    }

@inproceedings{Piponnier1412-1976,
    author = {Piponnier, Françoise},
    editor = {},
    title = {Vie et mort d'un habitat médiéval : le matériel de Brucato},
    booktitle = {Atti del colloquio internazionale di Archeologia Medievale, Palermo-Erice 1974},
    publisher = {},
    location = {Palerme},
    year = 1976,
    pagetotal = {12},
    language = {français},
    keywords = {inproceedings-crh}
    }

@inproceedings{Vincent1459-1975,
    author = {Vincent, Bernard},
    editor = {},
    title = {Un modèle de décadence : le Royaume de Grenade dans le dernier tiers du XVIe siècle},
    booktitle = {Actas de las I Jornadas de Metodologia Aplicada de las Ciencias Historicas},
    publisher = {},
    location = {},
    year = 1975,
    pagetotal = {5},
    language = {français},
    keywords = {inproceedings-crh}
    }

@inproceedings{Vincent1460-1975,
    author = {Vincent, Bernard},
    editor = {},
    title = {Malaga, port de l'Andalousie orientale aux XVIe et XVIIe siècles},
    booktitle = {Commerce de gros, commerce de détail dans les pays méditerranéens (XVIe-XIXe siècles), Actes des Journées d'études},
    publisher = {},
    location = {},
    year = 1975,
    pagetotal = {10},
    language = {français},
    keywords = {inproceedings-crh}
    }

@inproceedings{Chartier1483-1979,
    author = {Chartier, Roger},
    editor = {K.R.Gürttler and M.Sarfari-Arnaud},
    title = {Des fêtes de l'ancien régime à la fête révolutionnaire: problèmes de lecture},
    booktitle = {Colloque des 5-7 avril 1979, Montréal, La fête en question},
    publisher = {},
    location = {Montréal},
    year = 1979,
    pagetotal = {22},
    language = {français},
    keywords = {inproceedings-crh}
    }

@inproceedings{Ormieres1527-1988,
    author = {Ormieres, Jean-Louis},
    editor = {},
    title = {Sociologie du personnel révolutionnaire},
    booktitle = {Actes du Colloque Région, Nation, Europe, Besançon 1987},
    publisher = {Les Belles Lettres},
    location = {Besançon},
    year = 1988,
    pagetotal = {12},
    language = {français},
    keywords = {inproceedings-crh}
    }

@inproceedings{Baulant1532-1979,
    author = {Baulant, Micheline},
    editor = {},
    title = {L'analyse par ordinateur des inventaires après décès de la région de Meaux},
    booktitle = {Actes du colloque de Strasbourg, mars 1979, Les actes notariés, source de l'histoire sociale, XVIe-XIXe siècles},
    publisher = {},
    location = {Strasbourg},
    year = 1979,
    pagetotal = {},
    language = {français},
    keywords = {inproceedings-crh}
    }

@inproceedings{Brun1556-1980,
    author = {Brun-Rovet, Jeanine},
    editor = {},
    title = {L'alphabétisation et les Lumières chez les immigrants anglais et allemands aux colonies d'Amérique du Nord au 18e siècle},
    booktitle = {Colloque sur la Révolution américaine, 1978},
    publisher = {CNRS},
    location = {Paris},
    year = 1980,
    pagetotal = {},
    language = {français},
    keywords = {inproceedings-crh}
    }

@inproceedings{Hemardinquer1589-1979,
    author = {Hemardinquer, Jean-Jacques},
    editor = {},
    title = {Fortune et culture: les collections du général baron Merlin et la bibliothèque de Merlin de Thionville},
    booktitle = {Actes du 103e congrès national des sociétés savantes, Nancy-Metz, 1978},
    publisher = {},
    location = {Paris},
    year = 1979,
    pagetotal = {17},
    language = {français},
    keywords = {inproceedings-crh}
    }

@inproceedings{Hemardinquer1591-1979,
    author = {Hemardinquer, Jean-Jacques},
    editor = {A.Encrevé and M.Richard},
    title = {Un homme d'affaires protestant à l'Assemblée de Versailles (1871-1875) et aux élections de l'Ain (1875-1889): le banquier Alfred André},
    booktitle = {Actes du colloque Les protestants dans les débuts de la troisième République},
    publisher = {},
    location = {Paris},
    year = 1979,
    pagetotal = {2},
    language = {français},
    keywords = {inproceedings-crh}
    }

@inproceedings{Julia1597-1979,
    author = {Julia, Dominique},
    editor = {},
    title = {Le collège de Pontlevoy sous la direction de Pierre François Chappotin (1793-1824)},
    booktitle = {Actes du 103e congrès national des sociétés savantes, Nabcy-Metz, 1978},
    publisher = {},
    location = {Paris},
    year = 1979,
    pagetotal = {26},
    language = {français},
    keywords = {inproceedings-crh}
    }

@inproceedings{Pasquet1601-1987,
    author = {Pasquet, Yvonne},
    editor = {},
    title = {De la découverte à l'abandon du Canada à travers les manuels d'histoire de l'enseignement primaire français de la IIIe République},
    booktitle = {Actes du Colloque franco-québécois Sociétés villageoises et rapports villes-campagnes au Québec et dans la France de l'Ouest: XVIIe-XXe siècles, Québec 1985},
    publisher = {CREQ-PUR},
    location = {Trois-Rivières-Rennes},
    year = 1987,
    pagetotal = {10},
    language = {français},
    keywords = {inproceedings-crh}
    }

@inproceedings{Ormieres1612-1989,
    author = {Ormieres, Jean-Louis},
    editor = {},
    title = {Le régime seigneurial dans l'ouest},
    booktitle = {Actes du Colloque La Révolution française et le monde rural, Paris 1987},
    publisher = {CTHS},
    location = {Paris},
    year = 1989,
    pagetotal = {10},
    language = {français},
    keywords = {inproceedings-crh}
    }

@inproceedings{LeGoff1623-1978,
    author = {Le Goff, Jacques},
    editor = {},
    title = {La naissance du Purgatoire (12e-13e siècles)},
    booktitle = {Colloque de la société des historiens médiévistes de l'enseignement supérieur public, La mort au Moyen âge},
    publisher = {Istra},
    location = {Strasbourg},
    year = 1978,
    pagetotal = {},
    language = {français},
    keywords = {inproceedings-crh}
    }

@inproceedings{Berlioz1643-1988,
    author = {Berlioz, Jacques},
    editor = {J.B.Martin},
    title = {Les versions médiévales de l'histoire de Robert le Diable : présence du conte et sens des récits},
    booktitle = {Actes des rencontres Le Conte. Tradition orale et identité culturelle, Lyon 1986},
    publisher = {},
    location = {Lyon},
    year = 1988,
    pagetotal = {17},
    language = {français},
    keywords = {inproceedings-crh}
    }

@inproceedings{Nora1657-1979,
    author = {Nora, Pierre and A.Clément},
    editor = {},
    title = {L'Amérique et la France: deux révolutions et deux mondes},
    booktitle = {Colloque sur la Révolution américaine et l'Europe},
    publisher = {CNRS},
    location = {Paris},
    year = 1979,
    pagetotal = {},
    language = {français},
    keywords = {inproceedings-crh}
    }

@inproceedings{Perrot1684-1987,
    author = {Perrot, Jean-Claude},
    editor = {},
    title = {Portrait des agents économiques dans l'oeuvre de Boisguilbert},
    booktitle = {Actes du Colloque International Boisguilbert parmi nous, Rouen 1975},
    publisher = {INED},
    location = {Paris},
    year = 1987,
    pagetotal = {16},
    language = {français},
    keywords = {inproceedings-crh}
    }

@inproceedings{Schnapper1709-1978,
    author = {Schnapper, Dominique and D.Hanet},
    editor = {},
    title = {L'application de la méthode des archives orales à l'histoire de la Sécurité sociale: essai d'une typologie des discours},
    booktitle = {Colloque sur l'histoire de la Sécurité sociale},
    publisher = {},
    location = {Paris},
    year = 1978,
    pagetotal = {14},
    language = {français},
    keywords = {inproceedings-crh}
    }

@inproceedings{Delille1747-1978,
    author = {Delille, Gérard},
    editor = {},
    title = {Crises et productivité agricole: l'exemple du Royaume de Naples},
    booktitle = {Actes des journées d'études de Bendor, 13-15 mai 1976},
    publisher = {},
    location = {Nice},
    year = 1978,
    pagetotal = {22},
    language = {français},
    keywords = {inproceedings-crh}
    }

@inproceedings{Antoniadis1760-1981,
    author = {Antoniadis-Bibicou, Hélène},
    editor = {},
    title = {Mouvement de la population et villages désertés en Grèce},
    booktitle = {Actes du XVe congrès international d'études byzantines, Athènes septembre 1976},
    publisher = {},
    location = {Athènes},
    year = 1981,
    pagetotal = {9},
    language = {français},
    keywords = {inproceedings-crh}
    }

@inproceedings{Antoniadis1761-1981,
    author = {Antoniadis-Bibicou, Hélène},
    editor = {},
    title = {Problèmes de méthode de la recherche historique sur la guerre de l'indépendance hellénique},
    booktitle = {Actes du colloque sur la guerre de l'Indépendance hellénique, Athènes 1981},
    publisher = {},
    location = {Athènes},
    year = 1981,
    pagetotal = {16},
    language = {grec},
    keywords = {inproceedings-crh}
    }

@inproceedings{Arbellot1762-1980,
    author = {Arbellot, Guy},
    editor = {},
    title = {Le réseau des routes de poste, objet des premières cartes thématiques de la France moderne},
    booktitle = {Actes du 104e congrès national des sociétés savantes, 1980},
    publisher = {},
    location = {},
    year = 1980,
    pagetotal = {19},
    language = {français},
    keywords = {inproceedings-crh}
    }

@inproceedings{Burguiere1804-1990,
    author = {Burguiere, André},
    editor = {},
    title = {Histoire du présent et présence de l'histoire dans l'oeuvre d'Edgar Morin},
    booktitle = {Actes du Colloque de Cerisy Arguments pour une méthode},
    publisher = {Seuil},
    location = {Paris},
    year = 1990,
    pagetotal = {8},
    language = {français},
    keywords = {inproceedings-crh}
    }

@inproceedings{Perrot1814-1989,
    author = {Perrot, Jean-Claude},
    editor = {},
    title = {Capitalisme, finances publiques et Révolution},
    booktitle = {Actes du Colloque La Révolution française et le développement du capitalisme, Lille 1987},
    publisher = {La revue du Nord},
    location = {Lille},
    year = 1989,
    pagetotal = {10},
    language = {français},
    keywords = {inproceedings-crh}
    }

@inproceedings{Dupaquier1849-1980,
    author = {Dupaquier, Jacques},
    editor = {},
    title = {Les aventures démographiques de la France et de l'Irlande (18e-20e siècles)},
    booktitle = {Actes du 1er colloque franco-irlandais d'histoire économique et sociale, Irlande et France XVIIe-XXe siècles. Pour une histoire rurale comparée},
    publisher = {EHESS},
    location = {Dublin-Paris},
    year = 1980,
    pagetotal = {15},
    language = {français},
    keywords = {inproceedings-crh}
    }

@inproceedings{Fauve1852-1982,
    author = {Fauve, Antoinette},
    editor = {},
    title = {Les problèmes culturels de la mortalité différentielle des enfants dans le passé},
    booktitle = {Congrès de démographie, UIESP, Liège},
    publisher = {U.I.E.S.P.},
    location = {Liège},
    year = 1982,
    pagetotal = {21},
    language = {français},
    keywords = {inproceedings-crh}
    }

@inproceedings{Berlioz1865-1986,
    author = {Berlioz, Jacques},
    editor = {},
    title = {Les ordalies dans les exempla de la confession (XIIIe-XIVe siècles)},
    booktitle = {Actes de la Table ronde L'Aveu. Antiquité et Moyen Age, Rome 1984},
    publisher = {},
    location = {Rome},
    year = 1986,
    pagetotal = {26},
    language = {français},
    keywords = {inproceedings-crh}
    }

@inproceedings{Bergeron1874-1988,
    author = {Bergeron, Louis},
    editor = {Colin Lucas},
    title = {Napoléon ou l'Etat post-révolutionnaire},
    booktitle = {Actes du Colloque d'Oxford 1987 The Political Culture of the French Revolution},
    publisher = {Pergamon Press},
    location = {Oxford},
    year = 1988,
    pagetotal = {5},
    language = {français},
    keywords = {inproceedings-crh}
    }

@inproceedings{Goy1877-1981,
    author = {Goy, Joseph},
    editor = {},
    title = {Permanences et changements: les Baronnies pyrénéennes aux 17e et 18e siècles},
    booktitle = {Actes du colloque franco-irlandais d'histoire rurale comparée, Dublin 1977},
    publisher = {},
    location = {Paris},
    year = 1981,
    pagetotal = {},
    language = {français},
    keywords = {inproceedings-crh}
    }

@inproceedings{Guillou1896-1981,
    author = {Guillou, André},
    editor = {},
    title = {Régionalisme et administration dans l'empire byzantin du 6e au 8e siècle},
    booktitle = {Actes du colloque de Strasbourg},
    publisher = {},
    location = {},
    year = 1981,
    pagetotal = {13},
    language = {français},
    keywords = {inproceedings-crh}
    }

@inproceedings{Hemardinquer1902-1980,
    author = {Hemardinquer, Jean-Jacques},
    editor = {},
    title = {Pop corn et plantes africaines. Bauhin mystifié-mystificateur},
    booktitle = {Actes du 105e congrès national des sociétés savantes},
    publisher = {},
    location = {Caen},
    year = 1980,
    pagetotal = {16},
    language = {français},
    keywords = {inproceedings-crh}
    }

@inproceedings{LeGoff1943-1981,
    author = {Le Goff, Jacques},
    editor = {},
    title = {Le vocabulaire des exempla d'après l'Alphabetum Narrationum, début 14e siècle},
    booktitle = {Colloque du CNRS? La lexicographie du latin médiéval et ses rapports avec les recherches actuelles sur la civilisation du Moyen âge},
    publisher = {CNRS},
    location = {Paris},
    year = 1981,
    pagetotal = {},
    language = {français},
    keywords = {inproceedings-crh}
    }

@inproceedings{Lemay1944-1981,
    author = {Lemay, Edna},
    editor = {},
    title = {Les modèles anglais et américain à l'Assemblée constituante},
    booktitle = {Transactions of the Vith International Congress on the Enlightenment},
    publisher = {Voltaire foundation},
    location = {Londres},
    year = 1981,
    pagetotal = {13},
    language = {français},
    keywords = {inproceedings-crh}
    }

@inproceedings{Ormieres1960-1987,
    author = {Ormieres, Jean-Louis},
    editor = {F. Lebrun and R. Dupuy},
    title = {Les scrutins de 1790 et 1791 et le soulèvement de 1793 : interprétation du comportement électoral},
    booktitle = {Actes du Colloque Les résistances à la Révolution, Rennes 1985},
    publisher = {Imago éd.},
    location = {Paris},
    year = 1987,
    pagetotal = {6},
    language = {français},
    keywords = {inproceedings-crh}
    }

@inproceedings{Piponnier1981-1981,
    author = {Piponnier, Françoise},
    editor = {},
    title = {Le costume dans les inventaires mobiliers},
    booktitle = {Actes des journées de rencontre des 2-3 mars 1979},
    publisher = {Musée de l'homme},
    location = {Paris},
    year = 1981,
    pagetotal = {},
    language = {français},
    keywords = {inproceedings-crh}
    }

@inproceedings{Poublan1999-1980,
    author = {Poublan, Danièle},
    editor = {},
    title = {Workink class. Mes and women of the parisian region: an example of professional mobility},
    booktitle = {International oral history conference, Amsterdam, 1980},
    publisher = {Université},
    location = {Amsterdam},
    year = 1980,
    pagetotal = {14},
    language = {anglais},
    keywords = {inproceedings-crh}
    }

@inproceedings{Triantafyllidou2040-1981,
    author = {Triantafyllidou-Baladie, Yolande},
    editor = {},
    title = {Les conditions du commerce en Crète pendant les premières décennies de la domination ottomande},
    booktitle = {Actes du IVe congrès international des études crétoises},
    publisher = {},
    location = {Athènes},
    year = 1981,
    pagetotal = {8},
    language = {français},
    keywords = {inproceedings-crh}
    }

@inproceedings{Chapelot2054-1980,
    author = {Chapelot, Jean and x},
    editor = {},
    title = {Evaluation du patrimoine archéologique urbain. Procédures d'analyse et programmation des recherches},
    booktitle = {Rapports préliminaires du colloque international d'archéologie urbaine, Tours, 17-20 novembre 1980},
    publisher = {Imprimerie nationale},
    location = {Paris},
    year = 1980,
    pagetotal = {12},
    language = {français},
    keywords = {inproceedings-crh}
    }

@inproceedings{Chapelot2063-1980,
    author = {Chapelot, Jean and J.P.Demoule and A.Schnapp},
    editor = {},
    title = {De la notion d'économie en archéologie et de quelques-uns dese emplois},
    booktitle = {Table ronde du centre de recherches archéologiques du CNRS, Décembre 1977, Coûts et profits en archéologie},
    publisher = {CNRS},
    location = {Paris},
    year = 1980,
    pagetotal = {25},
    language = {français},
    keywords = {inproceedings-crh}
    }

@inproceedings{Alexandre2068-1986,
    author = {Alexandre-Bidon, Danièle and M. Closson},
    editor = {},
    title = {Scènes de la vie d'artiste: outils de travail et organisation professionnelle, à travers les manuscrits enluminés},
    booktitle = {Actes du colloque Artistes, artisans et production artistique au moyen âge},
    publisher = {},
    location = {Rennes},
    year = 1986,
    pagetotal = {14},
    language = {français},
    keywords = {inproceedings-crh}
    }

@inproceedings{Baulant2101-1984,
    author = {Baulant, Micheline},
    editor = {A. Guarducci},
    title = {Les droits de la communauté villageoise sur les cultures : glanage et chaume en France, XVIIe-XVIIIe siècles},
    booktitle = {Agricoltora e transformazione dell'ambiente, secoli XIII-XVIII, Atti della undecima settimana di Studio},
    publisher = {},
    location = {Florence},
    year = 1984,
    pagetotal = {},
    language = {français},
    keywords = {inproceedings-crh}
    }

@inproceedings{LeGoff2121-1976,
    author = {Le Goff, Jacques},
    editor = {},
    title = {Il tessitore nella società medievale},
    booktitle = {Produzione Commercio e consumo dei panni di lana. Atti della seconda settimana di studio, 1970},
    publisher = {},
    location = {Florence},
    year = 1976,
    pagetotal = {12},
    language = {italien},
    keywords = {inproceedings-crh}
    }

@inproceedings{Bourdelais2129-1982,
    author = {Bourdelais, Patrice and M. Demonet},
    editor = {},
    title = {Les courbes d'évolution du vieillissement de la population française (1851-1911)},
    booktitle = {Actes du Huitième Congrès International d'Histoire économique},
    publisher = {},
    location = {},
    year = 1982,
    pagetotal = {8},
    language = {français},
    keywords = {inproceedings-crh}
    }

@inproceedings{Piponnier2181-1976,
    author = {Piponnier, Françoise},
    editor = {},
    title = {La consommation des draps de laine dans quelques milieux français à la fin du Moyen Age},
    booktitle = {Produzione, commercio e consumo dei panni di lana, Atti della seconda settimana di studio, Prato, 1970},
    publisher = {},
    location = {Florence},
    year = 1976,
    pagetotal = {13},
    language = {français},
    keywords = {inproceedings-crh}
    }

@inproceedings{Chartier2187-1985,
    author = {Chartier, Roger},
    editor = {H. Ahrweiler},
    title = {Figures de la gueuserie ou la réalité de la représentation},
    booktitle = {L'image de l'Autre, 16e Congrès international des Sciences historiques},
    publisher = {},
    location = {},
    year = 1985,
    pagetotal = {9},
    language = {français},
    keywords = {inproceedings-crh}
    }

@inproceedings{Chartier2188-1985,
    author = {Chartier, Roger},
    editor = {},
    title = {Stratégies éditoriales et lectures populaires en France : La Bibliothèque bleue},
    booktitle = {Rapports, 16e Congrès international des Sciences historiques},
    publisher = {},
    location = {Stuttgart},
    year = 1985,
    pagetotal = {4},
    language = {français},
    keywords = {inproceedings-crh}
    }

@inproceedings{Daumard2204-1983,
    author = {Daumard, Adeline},
    editor = {.Daumard},
    title = {Oisiveté et loisirs dans les sociétés occidentales au XIXe siècle},
    booktitle = {Colloque pluridisciplinaire, Amiens, 19-20 novembre 1982},
    publisher = {},
    location = {Abbeville},
    year = 1983,
    pagetotal = {},
    language = {français},
    keywords = {inproceedings-crh}
    }

@inproceedings{Ducreux2227-1987,
    author = {Ducreux, Marie-Elisabeth},
    editor = {},
    title = {La mission et et rôle des missionnaires dans les Pays Tchèques au XVIIIe siècle},
    booktitle = {Actes du 109e Congrès des Sociétés Savantes, Section d'Histoire Moderne et Contemporaine, Tome I., Transmettre la Foi, XVIe-XIXe siècles},
    publisher = {},
    location = {Paris},
    year = 1987,
    pagetotal = {16},
    language = {français},
    keywords = {inproceedings-crh}
    }

@inproceedings{Farge2255-1984,
    author = {Farge, Arlette},
    editor = {},
    title = {L'insécurité à Paris : un thème familier du XVIIIe siècle},
    booktitle = {Colloque RATP, Imaginaires de l'insécurité et idéologie sécuritaire},
    publisher = {},
    location = {},
    year = 1984,
    pagetotal = {},
    language = {français},
    keywords = {inproceedings-crh}
    }

@inproceedings{Fauve2260-1984,
    author = {Fauve-Chamoux, Antoinette},
    editor = {A.Fauve-Chamoux},
    title = {Malthus hier et aujourd'hui},
    booktitle = {Actes du congrès international de démographie historique},
    publisher = {CNRS},
    location = {Paris},
    year = 1984,
    pagetotal = {},
    language = {français},
    keywords = {inproceedings-crh}
    }

@inproceedings{Flandrin2283-1982,
    author = {Flandrin, Jean-Louis},
    editor = {},
    title = {Internationalisme, nationalisme et régionalisme dans la cuisine des XIVe et XVe siècles : le témoignage des livres de cuisine},
    booktitle = {Actes du Colloque Manger et boire au Moyen Age},
    publisher = {},
    location = {},
    year = 1982,
    pagetotal = {17},
    language = {français},
    keywords = {inproceedings-crh}
    }

@inproceedings{Chartier2292-1986,
    author = {Chartier, Roger},
    editor = {},
    title = {Livres bleus et lectures populaires, mi-XVIIe siècle/début XIXe siècles},
    booktitle = {Actas del Coloquio Culturales populares. Diferencias, divergencias, conflictos, Madrid, 1983},
    publisher = {Casa de Velazquez- Universidad Complutense},
    location = {Madrid},
    year = 1986,
    pagetotal = {20},
    language = {français},
    keywords = {inproceedings-crh}
    }

@inproceedings{Froeschle2293-1986,
    author = {Froeschle-Chopard, Marie-Hélène},
    editor = {},
    title = {L'évènement Vatican II : étude iconographique},
    booktitle = {Actes du colloque d'Aix-en-Provence, 16-18 septembre 1983, L'Evènement},
    publisher = {Jeanne Laffitte},
    location = {Marseille},
    year = 1986,
    pagetotal = {17},
    language = {français},
    keywords = {inproceedings-crh}
    }

@inproceedings{Goy2327-1984,
    author = {Goy, Joseph},
    editor = {},
    title = {Remarques préliminaires sur le grand domaine rural et la petite exploitation en France de l'époque gallo-romaine au XIXe siècle},
    booktitle = {Congreso de Historia Rural, Siglos XV al XIX},
    publisher = {},
    location = {},
    year = 1984,
    pagetotal = {12},
    language = {français},
    keywords = {inproceedings-crh}
    }

@inproceedings{Hemardinquer2357-1986,
    author = {Hemardinquer, Jean-Jacques},
    editor = {},
    title = {Patrin ou les rêves d'un minéralogiste},
    booktitle = {Actes du 108e congrès national des sociétés savantes},
    publisher = {},
    location = {Paris},
    year = 1986,
    pagetotal = {17},
    language = {français},
    keywords = {inproceedings-crh}
    }

@inproceedings{Hemardinquer2361-1984,
    author = {Hemardinquer, Jean-Jacques},
    editor = {},
    title = {Carnaval et politique au XIXe siècle},
    booktitle = {Le carnaval, la fête et la communicatio, Actes des premières rencontres internationales de Nice, 8-10 mars 1984},
    publisher = {},
    location = {},
    year = 1984,
    pagetotal = {22},
    language = {français},
    keywords = {inproceedings-crh}
    }

@inproceedings{Jouhaud2385-1984,
    author = {Jouhaud, Christian},
    editor = {},
    title = {Propagande et action au temps de la Fronde},
    booktitle = {dans Culture et idéologie dans la genèse de l'Etat moderne},
    publisher = {},
    location = {},
    year = 1984,
    pagetotal = {16},
    language = {français},
    keywords = {inproceedings-crh}
    }

@inproceedings{Julia2386-1982,
    author = {Julia, Dominique},
    editor = {},
    title = {La constitution du réseau des collèges en France du XVIe au XVIIIe siècle},
    booktitle = {Actes du colloque franco-hongrois de Tihany, 10-14 octobre 1977, Objets et méthodes de l'histoire de la culture},
    publisher = {Maison d'édition de l'Académie des sciences de Hongrie},
    location = {Budapest},
    year = 1982,
    pagetotal = {21},
    language = {français},
    keywords = {inproceedings-crh}
    }

@inproceedings{Klapisch2412-1981,
    author = {Klapisch-Zuber, Christiane},
    editor = {J.Le Goff and J.C.Schmitt},
    title = {La mattinata italienne du moyen âge},
    booktitle = {Colloque Le charivari, Paris 1977},
    publisher = {EHESS},
    location = {Paris},
    year = 1981,
    pagetotal = {15},
    language = {français},
    keywords = {inproceedings-crh}
    }

@inproceedings{LeGoff2429-1982,
    author = {Le Goff, Jacques and J.-Cl. SCHMITT and Cl. BREMOND},
    editor = {},
    title = {Objets et Méthodes de l'Histoire de la Culture.},
    booktitle = {Actes du colloque franco-hongrois de Tihany},
    publisher = {CNRS},
    location = {Paris},
    year = 1982,
    pagetotal = {},
    language = {français},
    keywords = {inproceedings-crh}
    }

@inproceedings{Lemay2452-1983,
    author = {Lemay, Edna},
    editor = {},
    title = {Physiocratie et renouveau à l'Assemblée constituante},
    booktitle = {Transactions of the Vith International Congress on the Enlightenment},
    publisher = {Voltaire foundation},
    location = {Londres},
    year = 1983,
    pagetotal = {},
    language = {français},
    keywords = {inproceedings-crh}
    }

@inproceedings{Pomian2544-1983,
    author = {Pomian, Krzysztof},
    editor = {G. Arnaldi},
    title = {Per la libertà della Polonia.},
    booktitle = {Actes du Colloque Cultura e politica in Polonia prima e dopo il colpo di stato},
    publisher = {},
    location = {Rome},
    year = 1983,
    pagetotal = {19},
    language = {italien},
    keywords = {inproceedings-crh}
    }

@inproceedings{Pomian2556-1984,
    author = {Pomian, Krzysztof},
    editor = {},
    title = {Ordre et désordre dans la vie culturelle d'aujourd'hui : l'Encyclopédie Einaudi},
    booktitle = {XXXIXe Rencontres internationales de Genève, Ordre et Désordre},
    publisher = {},
    location = {},
    year = 1984,
    pagetotal = {23},
    language = {français},
    keywords = {inproceedings-crh}
    }

@inproceedings{Pomian2563-1985,
    author = {Pomian, Krzysztof},
    editor = {},
    title = {article},
    booktitle = {Actes du Colloque Identità culturale dell'Europa le vie della pace , Turin, 1984},
    publisher = {},
    location = {Milan},
    year = 1985,
    pagetotal = {6},
    language = {italien},
    keywords = {inproceedings-crh}
    }

@inproceedings{Aymard2576-1987,
    author = {Aymard, Maurice},
    editor = {},
    title = {L'Arsenal de Venise : science, expérience et technique dans la construction navale au XVIe siècle},
    booktitle = {Atti del convegno internazionale di studio Giovan Benedetti e il suo tempo},
    publisher = {},
    location = {Venise},
    year = 1987,
    pagetotal = {12},
    language = {français},
    keywords = {inproceedings-crh}
    }

@inproceedings{Ozouf2606-1994,
    author = {Ozouf, Mona},
    editor = {},
    title = {La Révolution française et l'idée de fraternité},
    booktitle = {Atta della Natio Francorum,},
    publisher = {},
    location = {Bologne},
    year = 1994,
    pagetotal = {},
    language = {français},
    keywords = {inproceedings-crh}
    }

@inproceedings{Tenenti2677-1985,
    author = {Tenenti, Alberto},
    editor = {},
    title = {Risque et sécurité : course en assurance entre Levant et Ponent du Bas Moyen Age à l'époque moderne},
    booktitle = {Actes du IIe Colloque international d'Histoire},
    publisher = {},
    location = {},
    year = 1985,
    pagetotal = {16},
    language = {français},
    keywords = {inproceedings-crh}
    }

@inproceedings{Alexandre2707-1987,
    author = {Alexandre-Bidon, Danièle and C. Beck-Bossard},
    editor = {},
    title = {Archéologie de l'alimentation en Forez},
    booktitle = {Actes du colloque Les libertés au Moyen âge, Montbrision, 1986},
    publisher = {},
    location = {Montbrision},
    year = 1987,
    pagetotal = {13},
    language = {français},
    keywords = {inproceedings-crh}
    }

@inproceedings{Auffret2738-1987,
    author = {Auffret, Patrick},
    editor = {},
    title = {Le conflit familial et sa représentation},
    booktitle = {Actes du Colloque de Rouen Aux Sources de la Puissance : Sociabilité et Parenté},
    publisher = {Université de Rouen},
    location = {Rouen},
    year = 1987,
    pagetotal = {},
    language = {français},
    keywords = {inproceedings-crh}
    }

@inproceedings{Bergeron2778-1986,
    author = {Bergeron, Louis},
    editor = {P.Butel and L.M.Cullen},
    title = {La place des marchands et des négociants dans la croissance de la ville : Paris aux XVIIIe et XIXe siècles},
    booktitle = {Proceedings of the fourth franco-Irish seminar of social and economic historians, Cities and Merchants : French and Irish Perspectives on Urban Development, 1500-1900},
    publisher = {},
    location = {Dublin},
    year = 1986,
    pagetotal = {10},
    language = {français},
    keywords = {inproceedings-crh}
    }

@inproceedings{Bergeron2781-1987,
    author = {Bergeron, Louis},
    editor = {},
    title = {Un dictionnaire de biographie sociale : les grands notables du Premier Empire},
    booktitle = {Actes du Colloque de Vizille 1984},
    publisher = {},
    location = {},
    year = 1987,
    pagetotal = {5},
    language = {français},
    keywords = {inproceedings-crh}
    }

@inproceedings{Braunstein2839-1985,
    author = {Braunstein, Philippe},
    editor = {},
    title = {Dal bagno pubblico alla cura corporale privata : tracce per una storia sociale dell'intimo},
    booktitle = {Actes du Colloque L'Intime},
    publisher = {},
    location = {},
    year = 1985,
    pagetotal = {12},
    language = {italien},
    keywords = {inproceedings-crh}
    }

@inproceedings{Burguiere2855-1986,
    author = {Burguiere, André},
    editor = {},
    title = {Groupe d'immigrants ou minorité religieuse ? Les juifs à Paris au XVIIIe siècle},
    booktitle = {Actes du Colloque d'Aurillac, 1986, Le Migrant},
    publisher = {},
    location = {},
    year = 1986,
    pagetotal = {18},
    language = {français},
    keywords = {inproceedings-crh}
    }

@inproceedings{Burguiere2858-1989,
    author = {Burguiere, André},
    editor = {},
    title = {Le Paysan français et les funestes secrets},
    booktitle = {Actes du Colloque d'Aurillac Le Paysan},
    publisher = {Edtions Christian},
    location = {Paris},
    year = 1989,
    pagetotal = {20},
    language = {français},
    keywords = {inproceedings-crh}
    }

@inproceedings{Courbin2938-1983,
    author = {Courbin, Paul},
    editor = {},
    title = {L'architecture archaïque naxienne à Délos : ses apports à l'architecture classique},
    booktitle = {Actes du XIIe Congrès International Classique},
    publisher = {},
    location = {},
    year = 1983,
    pagetotal = {7},
    language = {français},
    keywords = {inproceedings-crh}
    }

@inproceedings{Courbin2942-1987,
    author = {Courbin, Paul},
    editor = {},
    title = {André Leroi-Gourhan et l'archéologie non-préhistorique},
    booktitle = {André Leroi-Gourhan ou les Voies de l'Homme, Actes du colloque C.N.R.S.},
    publisher = {},
    location = {},
    year = 1987,
    pagetotal = {7},
    language = {français},
    keywords = {inproceedings-crh}
    }

@inproceedings{Dauphin2954-1989,
    author = {Dauphin-Memeteau, Cécile},
    editor = {},
    title = {De l'employé à l'employée : figures du travail dans les bureaux en France (XIXe-XXe siècles)},
    booktitle = {The Sexual Division of Labour, Ninth International Economic History Congress, Berne 1986},
    publisher = {Department of Economic History},
    location = {Uppsala},
    year = 1989,
    pagetotal = {28},
    language = {français},
    keywords = {inproceedings-crh}
    }

@inproceedings{Netter2957-1989,
    author = {Netter, Marie-Laurence},
    editor = {},
    title = {L'intégration de nouvelles valeurs par le théâtre},
    booktitle = {Actes du Colloque international Théâtre et Révolution, Besançon 1989},
    publisher = {Publications du bicentenaire},
    location = {},
    year = 1989,
    pagetotal = {7},
    language = {français},
    keywords = {inproceedings-crh}
    }

@inproceedings{Dupaquier3001-1987,
    author = {Dupaquier, Jacques},
    editor = {},
    title = {Le choix des témoins dans les mariages civils au XIXe siècle},
    booktitle = {Actes du Colloque de Rouen Aux sources de la puissance : sociabilité et parenté},
    publisher = {},
    location = {},
    year = 1987,
    pagetotal = {},
    language = {français},
    keywords = {inproceedings-crh}
    }

@inproceedings{Flandrin3042-1988,
    author = {Flandrin, Jean-Louis},
    editor = {},
    title = {Vigne, vin et société},
    booktitle = {Actes de colloque pluridisciplinaire  Le vin et les sciences, Louvain-la-Neuve, 28 septembre-1er octobre 1988, Image et Réalité du Vin en Europe},
    publisher = {},
    location = {},
    year = 1988,
    pagetotal = {6},
    language = {français},
    keywords = {inproceedings-crh}
    }

@inproceedings{Fontanon3051-1988,
    author = {Fontanon, Claudine and A. Grelon},
    editor = {},
    title = {Le Conservatoire National des Arts et Métiers et ses auditeurs entre les deux guerres},
    booktitle = {XVI° Simposio ICOTHEC, Madrid septembre 1988},
    publisher = {},
    location = {Madrid},
    year = 1988,
    pagetotal = {19},
    language = {français},
    keywords = {inproceedings-crh}
    }

@inproceedings{Froeschle3072-1987,
    author = {Froeschle-Chopard, Marie-Hélène and R. Devos},
    editor = {},
    title = {Confréries et Communautés d'habitants en Savoie et en Provence},
    booktitle = {Sociabilité, Pouvoirs et Société. Actes du colloque de Rouen, 24-26 nov. 1983},
    publisher = {Publications de l'université de Rouen},
    location = {Rouen},
    year = 1987,
    pagetotal = {16},
    language = {français},
    keywords = {inproceedings-crh}
    }

@inproceedings{Froeschle3083-1985,
    author = {Froeschle-Chopard, Marie-Hélène},
    editor = {},
    title = {Les saints et les fêtes en Provence orientale},
    booktitle = {Actes du Colloque Fêtes et Liturgie},
    publisher = {},
    location = {},
    year = 1985,
    pagetotal = {22},
    language = {français},
    keywords = {inproceedings-crh}
    }

@inproceedings{Froeschle3084-1986,
    author = {Froeschle-Chopard, Marie-Hélène},
    editor = {},
    title = {Les pénitents et la rupture révolutionnaire},
    booktitle = {Actes du Colloque de Chantilly Pratiques religieuses dans l'Europe révolutionnaire 1770-1820},
    publisher = {},
    location = {},
    year = 1986,
    pagetotal = {13},
    language = {français},
    keywords = {inproceedings-crh}
    }

@inproceedings{Froeschle3088-1989,
    author = {Froeschle-Chopard, Marie-Hélène},
    editor = {},
    title = {De la confrérie du Saint-Sacrement au culte du Sacré-Coeur : le passage de l'homme à l'individu},
    booktitle = {Actes du Colloque de Marseille, Provence Historique},
    publisher = {},
    location = {},
    year = 1989,
    pagetotal = {17},
    language = {français},
    keywords = {inproceedings-crh}
    }

@inproceedings{Goy3107-1987,
    author = {Goy, Joseph},
    editor = {},
    title = {Effets et limites de l'essor de l'agriculture nouvelle au dix-huitième siècle},
    booktitle = {VIIe Congrès International des Lumières},
    publisher = {},
    location = {},
    year = 1987,
    pagetotal = {},
    language = {français},
    keywords = {inproceedings-crh}
    }

@inproceedings{Guillou3157-1986,
    author = {Guillou, André},
    editor = {},
    title = {La liberté de l'homme dans le monde byzantin},
    booktitle = {Les Libertés au Moyen Age. Festival d'Histoire de Montbrison},
    publisher = {},
    location = {Montbrison},
    year = 1986,
    pagetotal = {4},
    language = {français},
    keywords = {inproceedings-crh}
    }

@inproceedings{Guillou3159-1986,
    author = {Guillou, André},
    editor = {},
    title = {La vie quotidienne à la haute époque byzantine. Une réflexion lexicographique},
    booktitle = {Congrès International Byzantin},
    publisher = {},
    location = {},
    year = 1986,
    pagetotal = {22},
    language = {français},
    keywords = {inproceedings-crh}
    }

@inproceedings{Guillou3165-1989,
    author = {Guillou, André},
    editor = {},
    title = {Le Sud-Est Européen et la Méditerranée},
    booktitle = {rapport au VIe Congrès International d'études du Sud-Est européen},
    publisher = {},
    location = {},
    year = 1989,
    pagetotal = {23},
    language = {français},
    keywords = {inproceedings-crh}
    }

@inproceedings{Jouhaud3201-1989,
    author = {Jouhaud, Christian},
    editor = {},
    title = {Retour aux mazarinades : 'opinion publique', action politique et production pamphlétaire pendant la Fronde},
    booktitle = {Actes du colloque de la Fronde en question, Marseille-Cassis, 1988},
    publisher = {},
    location = {Aix-en-Provence},
    year = 1989,
    pagetotal = {11},
    language = {français},
    keywords = {inproceedings-crh}
    }

@inproceedings{Julia3212-1987,
    author = {Julia, Dominique and R. Chartier},
    editor = {},
    title = {L'école : traditions et modernisation},
    booktitle = {Actes du 7e Congrès International des Lumières, Rapports préliminaires},
    publisher = {},
    location = {},
    year = 1987,
    pagetotal = {11},
    language = {français},
    keywords = {inproceedings-crh}
    }

@inproceedings{Klapisch3246-1986,
    author = {Klapisch-Zuber, Christiane},
    editor = {},
    title = {Du pinceau à l'écritoire : Les <Vvi>ricordenze</Vvi> d'un peintre florentin du XVe siècle},
    booktitle = {Actes du Colloque Artistes, artisans et production artistique au Moyen Age},
    publisher = {},
    location = {Rennes},
    year = 1986,
    pagetotal = {9},
    language = {français},
    keywords = {inproceedings-crh}
    }

@inproceedings{Klapisch3251-1984,
    author = {Klapisch-Zuber, Christiane},
    editor = {},
    title = {Les généalogies florentines du XIVe et du XVe siècles},
    booktitle = {Actes des séminaires Le modèle familiale européen. Normes, déviances, contrôle du pouvoir},
    publisher = {},
    location = {},
    year = 1984,
    pagetotal = {31},
    language = {français},
    keywords = {inproceedings-crh}
    }

@inproceedings{Pezerat3267-1989,
    author = {Pezerat-Lebrun, Pierrette and C.Dauphin},
    editor = {},
    title = {De l'employé à l'employée : figures du travail dans les bureaux en France (XIXe-XXe siècles)},
    booktitle = {The Sexual Division of Labour, Ninth International Economic History Congress, Berne 1986},
    publisher = {},
    location = {Uppsala},
    year = 1989,
    pagetotal = {28},
    language = {français},
    keywords = {inproceedings-crh}
    }

@inproceedings{LeGoff3280-1988,
    author = {Le Goff, Jacques},
    editor = {},
    title = {In Ascoli Piceno : Una città fra la Marca e il Mondo, discour d'ouverture},
    booktitle = {Administrazione comunale di Ascoli Piceno},
    publisher = {},
    location = {},
    year = 1988,
    pagetotal = {9},
    language = {italien},
    keywords = {inproceedings-crh}
    }

@inproceedings{Peter3396-1986,
    author = {Peter, Jean-Pierre},
    editor = {},
    title = {Représentations de la maladie : l'approche historique et l'approche anthropologique},
    booktitle = {Actes du colloque Médecines du monde},
    publisher = {Ministère des Affaires sociales},
    location = {Paris},
    year = 1986,
    pagetotal = {5},
    language = {français},
    keywords = {inproceedings-crh}
    }

@inproceedings{Piponnier3416-1987,
    author = {Piponnier, Françoise},
    editor = {},
    title = {Pouvoirs et peuplement dans les Monts du Forez : l'exemple d'Essertines},
    booktitle = {Les libertés au Moyen Age, Festival d'histoire de Montbrison, 1986},
    publisher = {},
    location = {Montbrison},
    year = 1987,
    pagetotal = {9},
    language = {français},
    keywords = {inproceedings-crh}
    }

@inproceedings{Chapelot3438-1986,
    author = {Chapelot, Odette},
    editor = {D.Deroeux},
    title = {Les tuileries ducales en Bourgogne (XIVe-XVe) : l'apport des textes à la connaissance des bâtiments},
    booktitle = {Actes du Colloque Terres cuites architecturales au Moyen Age, Arras 1986},
    publisher = {},
    location = {Arras},
    year = 1986,
    pagetotal = {11},
    language = {français},
    keywords = {inproceedings-crh}
    }

@inproceedings{Beck3464-1987,
    author = {Beck-Bossard, Corinne and D. Alexandre},
    editor = {},
    title = {Archéologie de l'alimentation en Forez},
    booktitle = {Les Libertés au Moyen Age, Montbrison 1986},
    publisher = {},
    location = {Montbrison},
    year = 1987,
    pagetotal = {13},
    language = {français},
    keywords = {inproceedings-crh}
    }

@inproceedings{Beck3511-1988,
    author = {Beck-Bossard, Corinne},
    editor = {},
    title = {Pratiques et enjeux de la chasse en Bourgogne au bas Moyen Age},
    booktitle = {Imaginaires et réalités de la chasse, Chalon-sur-Saône 1986, Atelier CRC France},
    publisher = {},
    location = {Le Creusot},
    year = 1988,
    pagetotal = {15},
    language = {français},
    keywords = {inproceedings-crh}
    }

@inproceedings{Schmitt3526-1984,
    author = {Schmitt, Jean-Claude},
    editor = {},
    title = {Religion et guérison dans l'Occident médiéval},
    booktitle = {Historiens et sociologues aujourd'hui, Journées d'études annuelles dela société française de sociologie, Lille 14-15 juin 1984},
    publisher = {CNRS},
    location = {Paris},
    year = 1984,
    pagetotal = {16},
    language = {français},
    keywords = {inproceedings-crh}
    }

@inproceedings{Schnapper3551-1986,
    author = {Schnapper, Dominique},
    editor = {},
    title = {Modernité et acculturations : le cas des travailleurs immigrés},
    booktitle = {},
    publisher = {},
    location = {},
    year = 1986,
    pagetotal = {28},
    language = {français},
    keywords = {inproceedings-crh}
    }

@inproceedings{Woronoff3617-1989,
    author = {Woronoff, Denis},
    editor = {},
    title = {De l'institutionnel au social},
    booktitle = {Colloque de Lille, 1987: La Révolution française et le développement du capitalisme},
    publisher = {},
    location = {},
    year = 1989,
    pagetotal = {5},
    language = {français},
    keywords = {inproceedings-crh}
    }

@inproceedings{Woronoff3618-1989,
    author = {Woronoff, Denis},
    editor = {},
    title = {Laissez-passer : la politique de supression des péages à la fin de l'Ancien Régime},
    booktitle = {Colloque de Lille, 1987: La Révolution française et le développement du capitalisme},
    publisher = {},
    location = {},
    year = 1989,
    pagetotal = {10},
    language = {français},
    keywords = {inproceedings-crh}
    }

@inproceedings{Baschet3659-1993,
    author = {Baschet, Jérome},
    editor = {},
    title = {Logique narrative, noeuds thématiques et localisation des fresques. Remarques sur un livre récent et un cas célèbre de boustrophédon},
    booktitle = {L'emplacement et la fonction des images dans la peinture murale du Moyen-Age, Actes du 5è Séminaire international d'Art Mural},
    publisher = {},
    location = {},
    year = 1993,
    pagetotal = {13},
    language = {français},
    keywords = {inproceedings-crh}
    }

@inproceedings{Benoit3673-1990,
    author = {Benoit, Serge},
    editor = {J. Perrin},
    title = {Les relations science, technologie et société et le processus du changement technique : les enseignements tirés du cas des moteurs hydrauliques},
    booktitle = {Construire une science des techniques, Actes des journées interdisciplinaires de Lyon 21-22 mai 1990},
    publisher = {},
    location = {Limonest},
    year = 1990,
    pagetotal = {41},
    language = {français},
    keywords = {inproceedings-crh}
    }

@inproceedings{Benoit3676-1992,
    author = {Benoit, Serge},
    editor = {J. Gayon},
    title = {Buffon métallurgiste : regards de l'historien et du technicien},
    booktitle = {Buffon 88, Actes du colloque international Paris-Montbard-Dijon},
    publisher = {},
    location = {Paris},
    year = 1992,
    pagetotal = {26},
    language = {français},
    keywords = {inproceedings-crh}
    }

@inproceedings{Berthe3708-1991,
    author = {Berthe, Jean-Pierre},
    editor = {},
    title = {Les formes de travail dépendant en Nouvelle-Espagne, XVIe-XVIIIe siècles},
    booktitle = {Atti della tredicesima settimana di studio, 2-7 maggio 1981, Forme ed evoluzione del laboro in Europa : XIII-XVIII secc.},
    publisher = {},
    location = {Prato},
    year = 1991,
    pagetotal = {19},
    language = {français},
    keywords = {inproceedings-crh}
    }

@inproceedings{Beutler3714-1990,
    author = {Beutler, Corinne},
    editor = {G. Bouchard and J. Goy},
    title = {La modernisation de l'équipement agricole dans la région de Montréal. Recherches sur l'origine des nouveaux modèles de charrue d'après des inventaires après décès, 1835-1972},
    booktitle = {Famille, économie et société rurale en contexte d'urbanisation (17e-20e siècles)},
    publisher = {},
    location = {Chicoutimi-Paris},
    year = 1990,
    pagetotal = {12},
    language = {français},
    keywords = {inproceedings-crh}
    }

@inproceedings{Bonnain3720-1991,
    author = {Bonnain, Rolande},
    editor = {},
    title = {Prélèvements en milieu rural et urbain dans les Hautes-Pyrénées (1792-1795)},
    booktitle = {Economie, Société, Civilisation, Actes des travaux du 115e congrès national des sociétés savantes, Avignon 1990},
    publisher = {},
    location = {},
    year = 1991,
    pagetotal = {17},
    language = {français},
    keywords = {inproceedings-crh}
    }

@inproceedings{Brabant3784-1993,
    author = {Brabant, Eva},
    editor = {},
    title = {Ferenczi à la recherche de l'enfant dans l'homme},
    booktitle = {L'enfant et la psychanalyse, Actes du colloque},
    publisher = {},
    location = {Paris},
    year = 1993,
    pagetotal = {8},
    language = {français},
    keywords = {inproceedings-crh}
    }

@inproceedings{Braunstein3786-1990,
    author = {Braunstein, Philippe},
    editor = {J. Hamesse and C. Muraille-Samaran},
    title = {Le travail minier au Moyen-Age d'après les sources règlementaires},
    booktitle = {Actes du colloque international de Louvain-la-Neuve, Le travail au Moyen-Age, Une approche inter-disciplinaire},
    publisher = {},
    location = {},
    year = 1990,
    pagetotal = {10},
    language = {français},
    keywords = {inproceedings-crh}
    }

@inproceedings{Braunstein3797-1990,
    author = {Braunstein, Philippe and P. Beck, and Ch. Dunikovski and M. Philippe},
    editor = {J.P.Métailie},
    title = {La sidérurgie ancienne en forêt d'Othe},
    booktitle = {Actes du colloque tenu à la Maison de la Forêt (Loubières, Ariège, 1990)Protoindustries et histoire des forêts},
    publisher = {},
    location = {},
    year = 1990,
    pagetotal = {16},
    language = {français},
    keywords = {inproceedings-crh}
    }

@inproceedings{Braunstein3801-1993,
    author = {Braunstein, Philippe and R. Francovich},
    editor = {},
    title = {Gli statuti minerari nel Medioevo europeo},
    booktitle = {Archeologia delle attivita estrattive e metallurgiche, Quaderni del dipartimento di Archeologia e Storia delle Arti},
    publisher = {},
    location = {Florence},
    year = 1993,
    pagetotal = {25},
    language = {italien},
    keywords = {inproceedings-crh}
    }

@inproceedings{Burguiere3820-1993,
    author = {Burguiere, André},
    editor = {Alain Croix and Jean Queniart)},
    title = {Les transformations de la culture familiale et les structures domestiques autour de la Révolution},
    booktitle = {Actes de colloque},
    publisher = {},
    location = {},
    year = 1993,
    pagetotal = {16},
    language = {français},
    keywords = {inproceedings-crh}
    }

@inproceedings{Chartier3842-1990,
    author = {Chartier, Roger},
    editor = {},
    title = {Opinion publique et propagande en France},
    booktitle = {Congrès mondial pour le bicentenaire de la Révolution, Paris, 6-12 juillet 1989, L'image de la Révolution française},
    publisher = {},
    location = {Oxford},
    year = 1990,
    pagetotal = {12},
    language = {français},
    keywords = {inproceedings-crh}
    }

@inproceedings{Chartier3866-1992,
    author = {Chartier, Roger},
    editor = {},
    title = {Le livre XIIIe-XVIIIe siècles : périodisation, production, lecture},
    booktitle = {Produzione e commercio della carta e del libro, secc. XIII-XVIII, Atti della Ventitreesima Settimana di studi, 15-20 aprile 1991},
    publisher = {},
    location = {Prato/Florence},
    year = 1992,
    pagetotal = {12},
    language = {français},
    keywords = {inproceedings-crh}
    }

@inproceedings{Chartier3879-1993,
    author = {Chartier, Roger},
    editor = {C. Armbruster},
    title = {Book Markets and Reading in France at the End of the Old Regime},
    booktitle = {A symposium at the Library of Congress, Publishing and Readership in Revolutionary France and America},
    publisher = {},
    location = {Westport/Londres},
    year = 1993,
    pagetotal = {20},
    language = {anglais},
    keywords = {inproceedings-crh}
    }

@inproceedings{Chartier3880-1993,
    author = {Chartier, Roger},
    editor = {},
    title = {L'histoire des femmes, XVIe-XVIIIe siècles. Différences entre les sexes et violence symbolique},
    booktitle = {Colloque organisé par G.Duby, M.Perrot et les directrices de l'histoire des femmes en Occident, 13-14 novembre 1992, Femmes et histoire},
    publisher = {Plon},
    location = {Paris},
    year = 1993,
    pagetotal = {9},
    language = {français},
    keywords = {inproceedings-crh}
    }

@inproceedings{Courtine3900-1991,
    author = {Courtine, Nicole and P. Arabeyre},
    editor = {},
    title = {Le culte de Saint Vorles : genèse et recharges multiséculaires},
    booktitle = {Actes du colloque Saint-Vorles, Châtiions-sur-Seine, 21-22 sept. 1991, 62e congrès des sociétés savantes},
    publisher = {},
    location = {},
    year = 1991,
    pagetotal = {22},
    language = {français},
    keywords = {inproceedings-crh}
    }

@inproceedings{Debert3910-1989,
    author = {Debert, Aline},
    editor = {},
    title = {Les abbayes prémontrées de l'ancienne province ecclésiastique de Paris pendant la Révolution},
    booktitle = {Actes officiels du 15è colloque du Centre d'Etudes et de Recherches Prémontrées},
    publisher = {},
    location = {},
    year = 1989,
    pagetotal = {7},
    language = {français},
    keywords = {inproceedings-crh}
    }

@inproceedings{Debert3913-1991,
    author = {Debert, Aline},
    editor = {},
    title = {L'ordre prémontré et la papauté},
    booktitle = {Actes officiels du 16è colloque du Centre d'Etudes et de Recherches Prémontrées},
    publisher = {},
    location = {},
    year = 1991,
    pagetotal = {4},
    language = {français},
    keywords = {inproceedings-crh}
    }

@inproceedings{Debert3914-1992,
    author = {Debert, Aline},
    editor = {},
    title = {Deux figures féminines prémontrées du XIXe siècle : Soeur Rose et Mère Marie de la Nativité},
    booktitle = {Actes officiels du 17è colloque du Centre d'Etudes et de Recherches Prémontrées},
    publisher = {},
    location = {},
    year = 1992,
    pagetotal = {6},
    language = {français},
    keywords = {inproceedings-crh}
    }

@inproceedings{Debert3916-1993,
    author = {Debert, Aline},
    editor = {},
    title = {Les missions des abbayes Saint-Michel de Frigolet et Saint-Martin de Mondaye à Madagascar},
    booktitle = {Actes officiels du 18è colloque du Centre d'Etudes et de Recherches Prémontrées},
    publisher = {},
    location = {},
    year = 1993,
    pagetotal = {11},
    language = {français},
    keywords = {inproceedings-crh}
    }

@inproceedings{Depeyrot3949-1991,
    author = {Depeyrot, Georges},
    editor = {},
    title = {The Disappearance of Gold From the Later Roman Empire and the Myth of the Seductive Orient},
    booktitle = {Money, Coins, and Commerce : Essays in the Monetary History of Asia and Europe (from Antiquity to Modern Times), Proceedings of the 4th and the 5th international monetary history conferences Keio university at Tokyo and Dehli school of economics},
    publisher = {},
    location = {Louvain},
    year = 1991,
    pagetotal = {12},
    language = {anglais},
    keywords = {inproceedings-crh}
    }

@inproceedings{Descimon3968-1993,
    author = {Descimon, Robert},
    editor = {C. Charle},
    title = {Bourgeois de Paris. Les migrations sociales d'un privilège XIVe-XVIIIe siècles},
    booktitle = {Actes du colloque de 1989, Histoire sociale Histoire globale ?},
    publisher = {},
    location = {},
    year = 1993,
    pagetotal = {10},
    language = {français},
    keywords = {inproceedings-crh}
    }

@inproceedings{Desrosiers3975-1992,
    author = {Desrosiers, Sophie},
    editor = {},
    title = {Les soieries comme source historique (Europe, XIIIe-XXe siècles)},
    booktitle = {Atti della XXIV settimana di studi del Istituto internazionale di storia economica Francesco Datini, 4-9 Maggio 1992. La seta in Europa, secc. XIII-XX},
    publisher = {},
    location = {Prato},
    year = 1992,
    pagetotal = {20},
    language = {français},
    keywords = {inproceedings-crh}
    }

@inproceedings{Duchesne3989-1992,
    author = {Duchesne, Annie},
    editor = {},
    title = {Genèse et spécificité des comportements féminins en matière d'alcoolisation dans la France d'Ancien Régime},
    booktitle = {11e colloque de L'IREB, 25-26 novembre 1992},
    publisher = {},
    location = {},
    year = 1992,
    pagetotal = {3},
    language = {français},
    keywords = {inproceedings-crh}
    }

@inproceedings{Emptoz4008-1992,
    author = {Emptoz, Gérard},
    editor = {},
    title = {Essor de l'Hydro-électricité et construction mécanique en Dauphiné au début du XXe siècle : l'émergence d'un nouveau pôle d'innovation dans le domaine des turbines hydrauliques},
    booktitle = {Actes du 116e congrès national des sociétés savantes, Chambéry, 1991, Les scientifiques et la montagne},
    publisher = {},
    location = {Paris},
    year = 1992,
    pagetotal = {12},
    language = {français},
    keywords = {inproceedings-crh}
    }

@inproceedings{Emptoz4010-1992,
    author = {Emptoz, Gérard},
    editor = {E. Barroso and E. Vaillant},
    title = {La formation en histoire des techniques},
    booktitle = {Colloque Mulhouse-Ungersheim, juin 1992, Musées et sociétés},
    publisher = {},
    location = {Mulhouse},
    year = 1992,
    pagetotal = {3},
    language = {français},
    keywords = {inproceedings-crh}
    }

@inproceedings{Fontanon4048-1993,
    author = {Fontanon, Claudine},
    editor = {},
    title = {Le musée de la prévention des accidents ou le témoignage matériel d'un dysfonctionnement de la société industrielle (1905-1960)},
    booktitle = {Journées d'études de muséologie technique},
    publisher = {},
    location = {Paris},
    year = 1993,
    pagetotal = {26},
    language = {français},
    keywords = {inproceedings-crh}
    }

@inproceedings{Froeschle4076-1990,
    author = {Froeschle-Chopard, Marie-Hélène and M. Froeschle},
    editor = {},
    title = {Le calendrier républicain : acte idéologique et/ou nécessité scientifique ?},
    booktitle = {Colloque de Marseille, L'espace et le temps reconstruits : la Révolution française, une révolution des mentalités et des cultures ?},
    publisher = {},
    location = {Aix-en-Provence},
    year = 1990,
    pagetotal = {12},
    language = {français},
    keywords = {inproceedings-crh}
    }

@inproceedings{Froeschle4080-1990,
    author = {Froeschle-Chopard, Marie-Hélène},
    editor = {Michel Perronet},
    title = {Les jacobins et les livres. La constitution de la bibliothèque municipale de Grasse},
    booktitle = {Actes de colloque Les Jacobins du Midi},
    publisher = {},
    location = {Montpellier},
    year = 1990,
    pagetotal = {35},
    language = {français},
    keywords = {inproceedings-crh}
    }

@inproceedings{Froeschle4084-1992,
    author = {Froeschle-Chopard, Marie-Hélène},
    editor = {},
    title = {Confréries et iconographie du Rosaire en Provence orientale (XVII-XVIIIe siècles)},
    booktitle = {Actes du colloque de 1990, La vie religieuse dans la Provence méridionale à l'époque moderne},
    publisher = {},
    location = {Montpellier},
    year = 1992,
    pagetotal = {26},
    language = {français},
    keywords = {inproceedings-crh}
    }

@inproceedings{Froeschle4086-1992,
    author = {Froeschle-Chopard, Marie-Hélène},
    editor = {},
    title = {Le décor des églises, test du vandalisme révolutionnaire},
    booktitle = {Actes du colloque international de Clermont-Ferrand, 15-17 décembre 1988, Révolution française et vandalisme révolutionnaire},
    publisher = {},
    location = {Paris},
    year = 1992,
    pagetotal = {14},
    language = {français},
    keywords = {inproceedings-crh}
    }

@inproceedings{Godin4093-1993,
    author = {Godin, André},
    editor = {},
    title = {Erasme, Aléandre : une étrange familiarité},
    booktitle = {Actes du colloque Erasme},
    publisher = {},
    location = {},
    year = 1993,
    pagetotal = {28},
    language = {français},
    keywords = {inproceedings-crh}
    }

@inproceedings{Godin4096-1993,
    author = {Godin, André},
    editor = {},
    title = {Les relations culturelles franco-roumaines des années Trente : Alphonse Dupront, directeur de l'Institut français et de la Mission universitaire},
    booktitle = {Colloque sur l'histoire des relations franco-roumaines (Bucarest 10-12 mai 1993), Academica},
    publisher = {},
    location = {},
    year = 1993,
    pagetotal = {4},
    language = {français},
    keywords = {inproceedings-crh}
    }

@inproceedings{Guelle4153-1991,
    author = {Guelle, Françoise},
    editor = {},
    title = {The Japanese Firms in France : A Survey of Direct Investments in the French Manufacturing Industry},
    booktitle = {Proceedings of Economic Development and Multinational Enterprises in the Western Pacific Region},
    publisher = {},
    location = {Tokyo},
    year = 1991,
    pagetotal = {14},
    language = {anglais},
    keywords = {inproceedings-crh}
    }

@inproceedings{Jeannin4191-1990,
    author = {Jeannin, Pierre},
    editor = {},
    title = {Les manuels de comptabilité},
    booktitle = {L'impresa industria commercio banca Secc. XIII-XVIII, Atti della Vendiduesima settimana di studi},
    publisher = {},
    location = {Prato},
    year = 1990,
    pagetotal = {17},
    language = {français},
    keywords = {inproceedings-crh}
    }

@inproceedings{Jeannin4192-1990,
    author = {Jeannin, Pierre},
    editor = {},
    title = {Dépendance et capacités de développement dans le cadre régional en Europe Centrale à la fin de l'Ancien Régime},
    booktitle = {Actes du Colloque international L'Europe Centrale. Réalité, mythe, enjeu XVIII-XXe siècles},
    publisher = {},
    location = {},
    year = 1990,
    pagetotal = {20},
    language = {français},
    keywords = {inproceedings-crh}
    }

@inproceedings{Jeannin4193-1991,
    author = {Jeannin, Pierre},
    editor = {},
    title = {De l'arithmétique commerciale à la pratique bancaire : l'escompte aux XVe-XVIIe siècles},
    booktitle = {Convegno di Genova Banchi pubblici, banchi privati e monti di pietà nell'Europa preindustriale, octobre 1990},
    publisher = {},
    location = {Gênes},
    year = 1991,
    pagetotal = {20},
    language = {français},
    keywords = {inproceedings-crh}
    }

@inproceedings{Jouhaud4207-1991,
    author = {Jouhaud, Christian},
    editor = {L. Bergeron and L. Cullen},
    title = {L'énergie du pouvoir : le cas de Richelieu (1631-1642)},
    booktitle = {Actes du colloque de Marseille, 28 septembre-2 octobre 1988, Cultures et pratiques politiques en France et en Irlande, XVI-XVIIe siècles},
    publisher = {},
    location = {Paris},
    year = 1991,
    pagetotal = {17},
    language = {français},
    keywords = {inproceedings-crh}
    }

@inproceedings{Jouhaud4208-1992,
    author = {Jouhaud, Christian},
    editor = {R. Duchêne and P. Ronzeaud},
    title = {Aristippe ou les équivoques de la publication, 1},
    booktitle = {Actes du 21e colloque du CNR 17, Marselle 19-23 juin 1991, Ordre et contestation au temps des classiques},
    publisher = {},
    location = {},
    year = 1992,
    pagetotal = {11},
    language = {français},
    keywords = {inproceedings-crh}
    }

@inproceedings{Julia4212-1990,
    author = {Julia, Dominique and W. Frijhoff},
    editor = {},
    title = {L'Oratoire et le jansénisme : l'Assemblée générale de 1746},
    booktitle = {Actes di colloque de Versailles, 13-14 octobre 1989, Jansénisme et Révolution},
    publisher = {Chroniques de Port-Royal},
    location = {Paris},
    year = 1990,
    pagetotal = {21},
    language = {français},
    keywords = {inproceedings-crh}
    }

@inproceedings{Julia4213-1990,
    author = {Julia, Dominique},
    editor = {},
    title = {Jansénisme et Révolution, conlusion du colloque},
    booktitle = {Actes di colloque de Versailles, 13-14 octobre 1989, Jansénisme et Révolution},
    publisher = {},
    location = {},
    year = 1990,
    pagetotal = {18},
    language = {français},
    keywords = {inproceedings-crh}
    }

@inproceedings{Klapisch4255-1992,
    author = {Klapisch-Zuber, Christiane},
    editor = {M. Aurell and O. Dumoulin and F. Thélamon},
    title = {Les noces florentines et leurs cuisiniers},
    booktitle = {Actes du colloque de Rouen, 14-17 novembre 1990, La sociabilité à Table. Commensalité et convivialité à travers les âges},
    publisher = {},
    location = {},
    year = 1992,
    pagetotal = {7},
    language = {français},
    keywords = {inproceedings-crh}
    }

@inproceedings{LeGoff4286-1990,
    author = {Le Goff, Jacques},
    editor = {},
    title = {Discours de clôture},
    booktitle = {Colloque de l'université catholique de Louvain, Le Travail au Moyen-Age. Une approche interdisciplinaire},
    publisher = {},
    location = {Louvain},
    year = 1990,
    pagetotal = {12},
    language = {français},
    keywords = {inproceedings-crh}
    }

@inproceedings{LeGoff4289-1990,
    author = {Le Goff, Jacques},
    editor = {},
    title = {Ludwig IX und der Ursprung der feudalen Monarchie in Frankreich},
    booktitle = {Actes du colloque de Berlin, Jahrbuch für Geschichte des Feudalismus},
    publisher = {},
    location = {Berlin},
    year = 1990,
    pagetotal = {8},
    language = {allemand},
    keywords = {inproceedings-crh}
    }

@inproceedings{LeGoff4290-1990,
    author = {Le Goff, Jacques},
    editor = {},
    title = {Witold Kula, historien des mesures},
    booktitle = {Actes du colloque en mémoire de Witold Kula},
    publisher = {},
    location = {},
    year = 1990,
    pagetotal = {9},
    language = {français},
    keywords = {inproceedings-crh}
    }

@inproceedings{LeGoff4298-1992,
    author = {Le Goff, Jacques},
    editor = {},
    title = {Saint-Louis et la mer},
    booktitle = {Actes du colloque de Gênes, L'Uomo e il mare nella civiltà occidentale : da Ulisse a Cristoforo Colombo},
    publisher = {},
    location = {Gênes},
    year = 1992,
    pagetotal = {12},
    language = {français},
    keywords = {inproceedings-crh}
    }

@inproceedings{Lemay4300-1990,
    author = {Lemay, Edna},
    editor = {},
    title = {Malouet et Gaultier de Biauzat à l'Assemblée constituante (1789-1791), l'affrontement de deux personnalités},
    booktitle = {Colloque Malouet (1740-1814)},
    publisher = {},
    location = {Riom},
    year = 1990,
    pagetotal = {7},
    language = {français},
    keywords = {inproceedings-crh}
    }

@inproceedings{Lemay4301-1990,
    author = {Lemay, Edna},
    editor = {},
    title = {La France immobile : la correspondance et les mémoires de Ferrières (1789-1799)},
    booktitle = {Colloque Robespierre et Co.},
    publisher = {},
    location = {Bologne},
    year = 1990,
    pagetotal = {15},
    language = {français},
    keywords = {inproceedings-crh}
    }

@inproceedings{Lemay4304-1991,
    author = {Lemay, Edna},
    editor = {},
    title = {Les pauvres font-ils partie du peuple à l'Assemblée constituante, 1789-1791 ?},
    booktitle = {Colloque Démocratie et pauvreté du 4è ordre au quart monde},
    publisher = {},
    location = {Paris},
    year = 1991,
    pagetotal = {8},
    language = {français},
    keywords = {inproceedings-crh}
    }

@inproceedings{Lemay4306-1991,
    author = {Lemay, Edna},
    editor = {},
    title = {L'efficacité du discours des futurs idéologues à l'Assemblée constituante (1789-1791)},
    booktitle = {Colloque Gli 'Idéologues' e la Rivoluzione},
    publisher = {},
    location = {Pise},
    year = 1991,
    pagetotal = {13},
    language = {français},
    keywords = {inproceedings-crh}
    }

@inproceedings{Lemay4307-1991,
    author = {Lemay, Edna},
    editor = {},
    title = {L'encyclopédisme de Jean-Nicolas Démeunier},
    booktitle = {Colloque L'encyclopédisme},
    publisher = {},
    location = {Paris},
    year = 1991,
    pagetotal = {7},
    language = {français},
    keywords = {inproceedings-crh}
    }

@inproceedings{Lemay4309-1992,
    author = {Lemay, Edna},
    editor = {},
    title = {La part d'Emile dans la régénération de 1789},
    booktitle = {Colloque de Montmorency Rousseau, l'Emile et la Révolution},
    publisher = {},
    location = {Paris},
    year = 1992,
    pagetotal = {9},
    language = {français},
    keywords = {inproceedings-crh}
    }

@inproceedings{LeMee4315-1991,
    author = {Le Mee, René and J. Dupâquier},
    editor = {},
    title = {La formation des départements : un défi à la démographie},
    booktitle = {Actes du colloque de Compiègne les 27 et 28 octobre 1990},
    publisher = {},
    location = {},
    year = 1991,
    pagetotal = {40},
    language = {français},
    keywords = {inproceedings-crh}
    }

@inproceedings{Mane4345-1990,
    author = {Mane, Perrine},
    editor = {},
    title = {Iconographie et travail paysan},
    booktitle = {Actes du colloque international Le travail au Moyen-Age, approche interdisciplinaire},
    publisher = {},
    location = {Louvain},
    year = 1990,
    pagetotal = {12},
    language = {français},
    keywords = {inproceedings-crh}
    }

@inproceedings{Mane4354-1986,
    author = {Mane, Perrine},
    editor = {},
    title = {Le travail au Moyen-Age : comparaison entre le texte de l'Ancien Testament et les enluminures d'une Bible Moralisée},
    booktitle = {Actes du colloque de centre d'études médiévales, L'image au Moyen-Age},
    publisher = {},
    location = {Paris},
    year = 1986,
    pagetotal = {14},
    language = {français},
    keywords = {inproceedings-crh}
    }

@inproceedings{Mouradian4374-1993,
    author = {Mouradian, Claire},
    editor = {},
    title = {Autour du Karabagh et du mouvement national arménien},
    booktitle = {Actes du colloque Underdevelopment, Ethnic conflict and Nationalism in the URSS},
    publisher = {Cortona},
    location = {Milan},
    year = 1993,
    pagetotal = {15},
    language = {français},
    keywords = {inproceedings-crh}
    }

@inproceedings{Netter4376-1990,
    author = {Netter, Marie-Laurence},
    editor = {?},
    title = {La Révolution est un bloc : à propos de 'Thermidor' et de Clémenceau},
    booktitle = {Colloque de Marseille: L'espace et le temps reconstruits. La Révolution française, une révolution des mentalités et des cultures ?},
    publisher = {},
    location = {Aix-en-Provence},
    year = 1990,
    pagetotal = {10},
    language = {français},
    keywords = {inproceedings-crh}
    }

@inproceedings{Pesez4403-1988,
    author = {Pesez, Jean-Marie},
    editor = {},
    title = {Culture matérielle et archéologie médiévale},
    booktitle = {Congrès international, Krems, Autriche, Mensch und Objekt im Mittelalter in der frühen Neuzeit. Leben. Alltag. Kultur},
    publisher = {},
    location = {Vienne},
    year = 1988,
    pagetotal = {15},
    language = {français},
    keywords = {inproceedings-crh}
    }

@inproceedings{Pesez4404-1990,
    author = {Pesez, Jean-Marie},
    editor = {},
    title = {La construction rustique en pierre au Moyen-Age},
    booktitle = {Il modo di costruire, Atti del convegno: il modo di construire},
    publisher = {},
    location = {Rome},
    year = 1990,
    pagetotal = {7},
    language = {français},
    keywords = {inproceedings-crh}
    }

@inproceedings{Piponnier4416-1990,
    author = {Piponnier, Françoise},
    editor = {},
    title = {Le costume et la mode dans la civilisation médiévale},
    booktitle = {Congrès international, Krems, Autriche 1988, Mensch und Objekt im Mittelalter und in der frühen Neuzeit. Leben. Alltag. Kultur},
    publisher = {},
    location = {Vienne},
    year = 1990,
    pagetotal = {32},
    language = {français},
    keywords = {inproceedings-crh}
    }

@inproceedings{PoloDeBeaulieu4431-1990,
    author = {Polo De Beaulieu, Marie-Anne},
    editor = {},
    title = {Une base de données sur les exempla médiévaux},
    booktitle = {Actes du IVe congrès de History and Computing, Talence, 14-16 septembre 1989, L'ordinateur et le métier d'historien},
    publisher = {},
    location = {},
    year = 1990,
    pagetotal = {7},
    language = {français},
    keywords = {inproceedings-crh}
    }

@inproceedings{PoloDeBeaulieu4436-1991,
    author = {Polo De Beaulieu, Marie-Anne},
    editor = {},
    title = {La légende du coeur inscrit dans la littérature religieuse et didactique},
    booktitle = {Actes du colloque du CUERMA ,},
    publisher = {},
    location = {},
    year = 1991,
    pagetotal = {14},
    language = {français},
    keywords = {inproceedings-crh}
    }

@inproceedings{PoloDeBeaulieu4437-1991,
    author = {Polo De Beaulieu, Marie-Anne},
    editor = {Cl. Cazalé-Bérard},
    title = {Etude du vocabulaire de la Scala coeli},
    booktitle = {Actes du colloque Récit et informatique, université de Paris X-Nanterre},
    publisher = {},
    location = {Nanterre},
    year = 1991,
    pagetotal = {35},
    language = {français},
    keywords = {inproceedings-crh}
    }

@inproceedings{PoloDeBeaulieu4438-1990,
    author = {Polo De Beaulieu, Marie-Anne},
    editor = {J Smets},
    title = {Description de la tradition manuscrite d'une oeuvre médiévale : la <Vvi>Scala coeli</Vvi> de Jean Gobi},
    booktitle = {Histoire et Informatique},
    publisher = {},
    location = {},
    year = 1990,
    pagetotal = {15},
    language = {français},
    keywords = {inproceedings-crh}
    }

@inproceedings{PoloDeBeaulieu4441-1993,
    author = {Polo De Beaulieu, Marie-Anne},
    editor = {},
    title = {L'image du clergé séculier dans les recueils d'exempla (XIIIe-XVe siècles)},
    booktitle = {XXe congrès de la société des historiens médiévistes de l'enseignement supérieur public, Amiens juin 1991, Le clerc séculier au Moyen-Age},
    publisher = {},
    location = {Paris},
    year = 1993,
    pagetotal = {20},
    language = {français},
    keywords = {inproceedings-crh}
    }

@inproceedings{Pomian4451-1990,
    author = {Pomian, Krzysztof},
    editor = {},
    title = {La reconstruction historique : point de vue réaliste},
    booktitle = {Actes du colloque de Cartigny, Louvain 1986, Histoire et conscience historique dans les civilisations du Proche Orient ancien},
    publisher = {},
    location = {Louvain},
    year = 1990,
    pagetotal = {15},
    language = {français},
    keywords = {inproceedings-crh}
    }

@inproceedings{Pomian4485-1993,
    author = {Pomian, Krzysztof},
    editor = {E. Barroso and E. Vaillant},
    title = {Musées de société : de la nostalgie à l'anticipation},
    booktitle = {Actes du colloque Mulhouse-Ungersheim, juin 1991, Musées et sociétés},
    publisher = {},
    location = {Paris},
    year = 1993,
    pagetotal = {6},
    language = {français},
    keywords = {inproceedings-crh}
    }

@inproceedings{Randles4507-1990,
    author = {Randles, William},
    editor = {},
    title = {La diffusion dans l'Europe du XVIe siècle des connaissances géographiques dues aux Découvertes portugaises},
    booktitle = {Actes du colloque Paris 26-28 mai 1988, La Découverte, le Portugal et l'Europe},
    publisher = {},
    location = {Paris},
    year = 1990,
    pagetotal = {9},
    language = {français},
    keywords = {inproceedings-crh}
    }

@inproceedings{Revel4516-1991,
    author = {Revel, Jacques},
    editor = {},
    title = {Lire, écouter, voir la Révolution française , rapport final},
    booktitle = {Colloque L'image de la Révolution française, 1989},
    publisher = {},
    location = {Paris},
    year = 1991,
    pagetotal = {15},
    language = {français},
    keywords = {inproceedings-crh}
    }

@inproceedings{Ribaucourt4537-1993,
    author = {Ribaucourt, Colette},
    editor = {},
    title = {Saint-Bernard dans les exempla (XIIIe-XIVe siècle)},
    booktitle = {Actes du colloque de Dijon, 7-8 juin 1991, Vies et légendes de Saint-Bernard, création, diffusion, réception},
    publisher = {},
    location = {Cîteaux},
    year = 1993,
    pagetotal = {25},
    language = {français},
    keywords = {inproceedings-crh}
    }

@inproceedings{Sarget4554-1989,
    author = {Sarget, Marie-Noelle},
    editor = {},
    title = {Quelques réflexions sur la notion de crise à partir de celle du système politique chilien dans les années 1920-1925},
    booktitle = {Actes du Colloque Amérique Latine et Nouvelle Histoire},
    publisher = {},
    location = {},
    year = 1989,
    pagetotal = {18},
    language = {français},
    keywords = {inproceedings-crh}
    }

@inproceedings{Sarget4555-1990,
    author = {Sarget, Marie-Noelle},
    editor = {},
    title = {Un intérêt méthodologique de l'analyse systémique par rapport à d'autres approches en Sociologie politique et historique},
    booktitle = {Actes du 3e Congrès International Socio-cybernétique et la théorie des systèmes sociaux},
    publisher = {},
    location = {},
    year = 1990,
    pagetotal = {7},
    language = {français},
    keywords = {inproceedings-crh}
    }

@inproceedings{Sarget4557-1993,
    author = {Sarget, Marie-Noelle},
    editor = {},
    title = {L'analyse systémique et son utilisation en Sociologie politique},
    booktitle = {Actes du Congrès Systémique et Cognition},
    publisher = {},
    location = {},
    year = 1993,
    pagetotal = {9},
    language = {français},
    keywords = {inproceedings-crh}
    }

@inproceedings{Sarget4558-1993,
    author = {Sarget, Marie-Noelle},
    editor = {},
    title = {Sociologie historique, périodisation et analyse des systèmes},
    booktitle = {Actes du 2e Congrès International de Systémique},
    publisher = {},
    location = {},
    year = 1993,
    pagetotal = {7},
    language = {français},
    keywords = {inproceedings-crh}
    }

@inproceedings{Schmitt4572-1990,
    author = {Schmitt, Jean-Claude},
    editor = {},
    title = {Les idoles chrétiennes},
    booktitle = {L'idolâtrie. Rencontres de l'Ecole du Louvre},
    publisher = {},
    location = {Paris},
    year = 1990,
    pagetotal = {12},
    language = {français},
    keywords = {inproceedings-crh}
    }

@inproceedings{Schmitt4574-1989,
    author = {Schmitt, Jean-Claude},
    editor = {},
    title = {Les gestes de la prière au Moyen-Age},
    booktitle = {Colloque interconfessionnel sur l'anthropologie de la prière},
    publisher = {},
    location = {},
    year = 1989,
    pagetotal = {15},
    language = {français},
    keywords = {inproceedings-crh}
    }

@inproceedings{Schmitt4591-1992,
    author = {Schmitt, Jean-Claude},
    editor = {},
    title = {Saint-Bernard et son image},
    booktitle = {Colloque de Lyon-Cîteaux-Dijon, Bernard de Clairvaux. Histoire, mentalités, spiritualité},
    publisher = {},
    location = {Paris},
    year = 1992,
    pagetotal = {19},
    language = {français},
    keywords = {inproceedings-crh}
    }

@inproceedings{Vincent4725-1992,
    author = {Vincent, Bernard},
    editor = {},
    title = {Les morisques et l'économie},
    booktitle = {IV Simposio Internacional de Mudejarismo : Economia},
    publisher = {},
    location = {Teruel},
    year = 1992,
    pagetotal = {6},
    language = {français},
    keywords = {inproceedings-crh}
    }

@inproceedings{Mouradian4740-1988,
    author = {Mouradian, Claire and A. Ter Minassian},
    editor = {B.Kerblay},
    title = {Permanence de la famille arménienne},
    booktitle = {Actes du Colloque Evolution des modèles familiaux dans l'Est européen et en U.R.S.S.},
    publisher = {IMSECO},
    location = {Paris},
    year = 1988,
    pagetotal = {},
    language = {français},
    keywords = {inproceedings-crh}
    }

@inproceedings{Bonnain4812-1994,
    author = {Bonnain-Dulon, Rolande},
    editor = {},
    title = {Prélevements en milieu rural et urbain dans les Hautes-Pyrénées (1792-1795)},
    booktitle = {Actes du 115e Congrès des Sociétés Savantes d'Avignon,1990,},
    publisher = {},
    location = {},
    year = 1994,
    pagetotal = {13},
    language = {français},
    keywords = {inproceedings-crh}
    }

@inproceedings{Carrié4870-1994,
    author = {Carrié, Jean-Michel},
    editor = {},
    title = {Présentation de la prosopographie de l'armée romano-byzantine d'Egypte (260-642)},
    booktitle = {Actes du XXe congrès international de papyrologie},
    publisher = {},
    location = {Copenhague},
    year = 1994,
    pagetotal = {9},
    language = {français},
    keywords = {inproceedings-crh}
    }

@inproceedings{Grinberg4876-1981,
    author = {Grinberg, Martine},
    editor = {J.Le Goff and J.C.Schmitt},
    title = {Charivaris au Moyen âge et à la Renaissance. Condamnation des remariages ou rites d'inversion du temps?},
    booktitle = {Le charivari},
    publisher = {Mouton-EHESS},
    location = {La-Haye-Paris},
    year = 1981,
    pagetotal = {},
    language = {français},
    keywords = {inproceedings-crh}
    }

@inproceedings{Emptoz4912-1988,
    author = {Emptoz, Gérard},
    editor = {},
    title = {Les premières tentatives d'essais comparatifs de turbines hydrauliques réalisées en France},
    booktitle = {Actes du XVIe  International ICOHTEC Symposium},
    publisher = {MOPU},
    location = {Madrid},
    year = 1988,
    pagetotal = {},
    language = {français},
    keywords = {inproceedings-crh}
    }

@inproceedings{Chapelot4934-1987,
    author = {Chapelot, Odette},
    editor = {J.Chapelot and H.Galinié and J.Pilet-Lemière},
    title = {Tuiliers bourguignons aux XIVe-XVe siècles, aspects socio-économiques de la production},
    booktitle = {Actes du Ier Congrès International d'Archéologie Médiévale La Céramique (Ve-XIXe). Fabrication, commercialisation, utilisation, Paris 1985},
    publisher = {},
    location = {Caen},
    year = 1987,
    pagetotal = {10},
    language = {français},
    keywords = {inproceedings-crh}
    }

@inproceedings{Froeschlé5001-1996,
    author = {Froeschlé-Chopard, Marie-Hélène},
    editor = {},
    title = {Le Rosaire, élément de christianisation des campagnes ?},
    booktitle = {La Christianisation des campagnes, Actes du colloque du CIHEC, 25-27 août 1994},
    publisher = {},
    location = {Bruxelles/Rome},
    year = 1996,
    pagetotal = {25},
    language = {français},
    keywords = {inproceedings-crh}
    }

@inproceedings{Froeschlé5057-1995,
    author = {Froeschlé-Chopard, Marie-Hélène},
    editor = {},
    title = {Les catéchismes dans quelques bibliothèques ecclésiastiques de Provence (XVIe-XVIIIe)},
    booktitle = {Catéchisme et Confessions de foi, Actes du XVIIIe colloque Jean Boisset, Montpellier 1995},
    publisher = {},
    location = {Montpellier},
    year = 1995,
    pagetotal = {25},
    language = {français},
    keywords = {inproceedings-crh}
    }

@inproceedings{Goldberg5173-1994,
    author = {Goldberg, Sylvie-Anne},
    editor = {},
    title = {The Contribution of the Study of Death to Jewish Studies},
    booktitle = {Proceedings of the Eleventh World Congress of Jewish Studies,},
    publisher = {},
    location = {},
    year = 1994,
    pagetotal = {6},
    language = {anglais},
    keywords = {inproceedings-crh}
    }

@inproceedings{Boureau5174-1989,
    author = {Boureau, Alain},
    editor = {},
    title = {Pour une théorie élargie de la légende religieuse médiévale},
    booktitle = {Actas del coloquio La Leyenda. Antropologia, Historia, Literatura, Madrid 1986},
    publisher = {Casa de Velazquez},
    location = {Madrid},
    year = 1989,
    pagetotal = {26},
    language = {français},
    keywords = {inproceedings-crh}
    }

@inproceedings{Lepetit5334-1995,
    author = {Lepetit, Bernard},
    editor = {},
    title = {La larga duración en la actualidad},
    booktitle = {Segundas Jornadas braudelianas, Historia sociale,},
    publisher = {},
    location = {Mexico},
    year = 1995,
    pagetotal = {},
    language = {espagnol},
    keywords = {inproceedings-crh}
    }

@inproceedings{Descimon5375-1989,
    author = {Descimon, Robert},
    editor = {R.Duchêne and P.Ronzeaud},
    title = {Les barricades frondeuses (26-28 août 1648)},
    booktitle = {Actes du 18e Colloque du Centre Méridional de Rencontres sur le XVIIe siècle, La Fronde en question, Marseille 1988},
    publisher = {Université de Provence},
    location = {},
    year = 1989,
    pagetotal = {17},
    language = {français},
    keywords = {inproceedings-crh}
    }

@inproceedings{Kriegel5463-1997,
    author = {Kriegel, Maurice},
    editor = {Cl. Cohen-Boulakia and S. Trigano},
    title = {Le messianisme confessionnalisé : l''orthodoxie' juive au défi de l'Émancipation},
    booktitle = {Figures du Messie, Actes de la Décade de Cerizy-la-Salle (juillet 1996)},
    publisher = {In Press},
    location = {},
    year = 1997,
    pagetotal = {19},
    language = {français},
    keywords = {inproceedings-crh}
    }

@inproceedings{Descimon5591-1987,
    author = {Descimon, Robert},
    editor = {T.Thelmaon},
    title = {Solidarité communautaire et sociabilité armée : les compagnies de la milice bourgeoise à Paris (XVIe-XVIIe siècles)},
    booktitle = {Actes du Colloque Sociabilité, pouvoirs et société, Rouen, novembre 1983},
    publisher = {Université de Rouen},
    location = {Rouen},
    year = 1987,
    pagetotal = {12},
    language = {français},
    keywords = {inproceedings-crh}
    }

@inproceedings{Froeschlé5593-1994,
    author = {Froeschlé-Chopard, Marie-Hélène},
    editor = {},
    title = {Les superstitions au XVIIIe siècle},
    booktitle = {Mentalités, Sorcellerie, coutumes de Provence et du comté de Nice, Actes du 3e colloque de Grasse, Grasse 1994},
    publisher = {},
    location = {Grasse},
    year = 1994,
    pagetotal = {12},
    language = {français},
    keywords = {inproceedings-crh}
    }

@inproceedings{Braunstein5617-1986,
    author = {Braunstein, Philippe},
    editor = {},
    title = {Les techniciens et le pouvoir à la fin du Moyen Age : Une direction de recherche},
    booktitle = {Actes de la Table Ronde Prosopographie et genèse de l'Etat moderne, Paris 1984},
    publisher = {ENS de jeunes filles},
    location = {Paris},
    year = 1986,
    pagetotal = {7},
    language = {français},
    keywords = {inproceedings-crh}
    }

@inproceedings{Hartog5625-1995,
    author = {Hartog, François},
    editor = {},
    title = {Faire le voyage d'Athènes : J.-J. Winckelmann et sa réception française},
    booktitle = {Entretiens de la Garenne-Lemot},
    publisher = {},
    location = {Nantes},
    year = 1995,
    pagetotal = {17},
    language = {français},
    keywords = {inproceedings-crh}
    }

@inproceedings{Pesez5636-1972,
    author = {Pesez, Jean-Marie and F.Piponnier},
    editor = {},
    title = {Les maisons fortes bourguignonnes},
    booktitle = {Actes du Ve colloque de Château-Gaillard (Hingsval, 1970)},
    publisher = {},
    location = {Caen},
    year = 1972,
    pagetotal = {22},
    language = {français},
    keywords = {inproceedings-crh}
    }

@inproceedings{Piponnier5637-1972,
    author = {Piponnier, Françoise and J.M.Pesez},
    editor = {},
    title = {Les maisons fortes bourguignonnes},
    booktitle = {Actes du Ve colloque de Château-Gaillard (Hingsval, 1970)},
    publisher = {},
    location = {Caen},
    year = 1972,
    pagetotal = {22},
    language = {français},
    keywords = {inproceedings-crh}
    }

@inproceedings{Baulant5645-1990,
    author = {Baulant, Micheline},
    editor = {G.Bouchard and J.Goy},
    title = {Niveaux de vie et reproduction sociale. Les paysans de la région de Meaux (1751-1790)},
    booktitle = {Famille, économie et société rurale en contexte d'urbanisation (XVIIe-XXe siècles). Actes du colloque d'histoire rurale comparée France/Québec},
    publisher = {},
    location = {Chicoutimi/Paris},
    year = 1990,
    pagetotal = {},
    language = {français},
    keywords = {inproceedings-crh}
    }

@inproceedings{Baulant5646-1992,
    author = {Baulant, Micheline},
    editor = {R.Bonnain and G.Bouchard and J.Goy},
    title = {Niveau de vie des familles rurales dans la Bourgogne du XVIIIe siècle},
    booktitle = {Actes du colloque de Veyrier-du-Lac, 1991. Comment établir les enfants? La reproduction familiale en milieurural, France-Québec, XVIIIe-XXe siècles},
    publisher = {PUL},
    location = {Lyon},
    year = 1992,
    pagetotal = {},
    language = {français},
    keywords = {inproceedings-crh}
    }

