@collection{Daumard1311-1976,
    author = {Daumard, Adeline},
    editor = {},
    title = {Conditions de logement et position sociale (préface au catalogue d'exposition)},
    booktitle = {Le Parisien chez lui au XIXe siècle (1814-1914)},
    publisher = {Archives nationales},
    location = {Paris},
    year = 1976,
    pagetotal = {4},
    language = {français},
    keywords = {expo-crh, crh-1976}
    }

@collection{Fauve1749-1980,
    author = {Fauve, Antoinette and Claude Motte},
    editor = {},
    title = {De Malthus au malthusianisme},
    booktitle = {Catalogue de l'exposition Malthus hier et aujourd'hui},
    publisher = {Société démo.hist.},
    location = {Paris},
    year = 1980,
    pagetotal = {80},
    language = {français},
    keywords = {expo-crh, crh-1980}
    }

@collection{Chapelot1802-1981,
    author = {Chapelot, Odette},
    editor = {},
    title = {Les fabriques ducales de carreaux médiévaux en Bourgogne},
    booktitle = {Catalogue de l'exposition Carreaux de pavage dans la Bourgogne médiévale},
    publisher = {Edition du musée Rolin},
    location = {Autun},
    year = 1981,
    pagetotal = {7},
    language = {français},
    keywords = {expo-crh, crh-1981}
    }

@collection{Motte1952-1980,
    author = {Motte, Claude and A.Fauve-chamoux},
    editor = {},
    title = {participation},
    booktitle = {Catalogue de l'exposition Malthus hier et aujourd'hui},
    publisher = {Société démo.hist.},
    location = {Paris},
    year = 1980,
    pagetotal = {},
    language = {français},
    keywords = {expo-crh, crh-1980}
    }

@collection{Chapelot2055-1980,
    author = {Chapelot, Jean},
    editor = {},
    title = {Les objets de la vie quotidienne},
    booktitle = {Mémoires d'une Amérique. Catalogue de l'exposition du Musée du Nouveau Monde},
    publisher = {},
    location = {La Rochelle},
    year = 1980,
    pagetotal = {6},
    language = {français},
    keywords = {expo-crh, crh-1980}
    }

@collection{Alexandre2070-1984,
    author = {Alexandre-Bidon, Danièle and P. Perin, and P. Forni and J.-P. Adam and al.},
    editor = {},
    title = {'Ave Alix': catalogue de l'exposition Clovis, Chapelle de la Sorbonne, 1984},
    booktitle = {},
    publisher = {Editions Clovis},
    location = {Paris},
    year = 1984,
    pagetotal = {},
    language = {français},
    keywords = {expo-crh, crh-1984}
    }

@collection{Grinberg2331-1984,
    author = {Grinberg, Martine},
    editor = {},
    title = {Textes du catalogue de l'exposition Carnavals et fêtes d'hiver},
    booktitle = {},
    publisher = {Bibliothèque publique d'information du Centre G.Pompidou},
    location = {Paris},
    year = 1984,
    pagetotal = {},
    language = {français},
    keywords = {expo-crh, crh-1984}
    }

@collection{LeGoff2432-1983,
    author = {Le Goff, Jacques},
    editor = {},
    title = {Deux au-delà : Paradis et Enfer},
    booktitle = {Disegno del Mondo. Catalogue de l'exposition Art et science},
    publisher = {},
    location = {Turin},
    year = 1983,
    pagetotal = {},
    language = {français},
    keywords = {expo-crh, crh-1983}
    }

@collection{Reberioux2593-1985,
    author = {Reberioux, Madeleine},
    editor = {},
    title = {La vie sociale à Paris au tournant du siècle (préface au catalogue d'exposition)},
    booktitle = {Rétrospective de Paris moderne},
    publisher = {},
    location = {},
    year = 1985,
    pagetotal = {6},
    language = {français},
    keywords = {expo-crh, crh-1985}
    }

@collection{Reberioux2594-1985,
    author = {Reberioux, Madeleine},
    editor = {},
    title = {Hugo dans le débat politique et social : 1870-1985 (dans catalogue d'exposition)},
    booktitle = {La gloire de Victor Hugo},
    publisher = {Réunion des musées nationaux},
    location = {Paris},
    year = 1985,
    pagetotal = {37},
    language = {français},
    keywords = {expo-crh, crh-1985}
    }

@collection{Alexandre2703-1986,
    author = {Alexandre-Bidon, Danièle and F. Piponnier and  J.-M. Pesez and  and J.-M. Poisson and G. Démians d'Archimbaud and B. Maccari-Poisson},
    editor = {},
    title = {Châteaux et villages du Moyen Age. Forez, Bourgogne, Provence},
    booktitle = {Catalogue de l'exposition},
    publisher = {Musée d'Allard},
    location = {Montbrison (Loire) 1986-1987},
    year = 1986,
    pagetotal = {4},
    language = {français},
    keywords = {expo-crh, crh-1986}
    }

@collection{Alexandre2708-1987,
    author = {Alexandre-Bidon, Danièle and P. Mane},
    editor = {},
    title = {Evolution du costume populaire au cours du Moyen Age},
    booktitle = {Costume-Coutume. Catalogue de l'exposition au Grand Palais},
    publisher = {},
    location = {Paris},
    year = 1987,
    pagetotal = {3},
    language = {français},
    keywords = {expo-crh, crh-1987}
    }

@collection{Alexandre2709-1988,
    author = {Alexandre-Bidon, Danièle and P. Mane},
    editor = {},
    title = {La vie quotidienne à travers les enluminures carolingiennes},
    booktitle = {Un village au temps de Charlemagne. Catalogue de l'exposition},
    publisher = {Musée national des ATP},
    location = {Paris},
    year = 1988,
    pagetotal = {14},
    language = {français},
    keywords = {expo-crh, crh-1988}
    }

@collection{Debert2955-1986,
    author = {Debert, Aline},
    editor = {},
    title = {Catalogue de l'exposition "Reflets de la dévotion populaire"},
    booktitle = {},
    publisher = {},
    location = {Saint-Michel de Frigolet},
    year = 1986,
    pagetotal = {30},
    language = {français},
    keywords = {expo-crh, crh-1986}
    }

@collection{Descimon2982-1989,
    author = {Descimon, Robert},
    editor = {},
    title = {Un nouveau style de gouvernement},
    booktitle = {Henri IV et la reconstruction du royaume, catalogue de l'exposition (Pau 1989)},
    publisher = {Réunion des Musées nationaux},
    location = {Paris},
    year = 1989,
    pagetotal = {6},
    language = {français},
    keywords = {expo-crh, crh-1989}
    }

@collection{Farge3014-1988,
    author = {Farge, Arlette},
    editor = {},
    title = {Les images de la société au XVIIIe siècle},
    booktitle = {Catalogue de l'exposition de Vizille, Révolution française (juin 1988)},
    publisher = {},
    location = {},
    year = 1988,
    pagetotal = {},
    language = {français},
    keywords = {expo-crh, crh-1988}
    }

@collection{Flandrin3038-1987,
    author = {Flandrin, Jean-Louis},
    editor = {},
    title = {L'âge d'or des épices, XIVe-XVe siècles (dans catalogue d'exposition)},
    booktitle = {Parfums de plantes},
    publisher = {Museum d'histoire naturelle},
    location = {Paris},
    year = 1987,
    pagetotal = {4},
    language = {français},
    keywords = {expo-crh, crh-1987}
    }

@collection{Nahoum3127-1989,
    author = {Nahoum-Grappe, Véronique},
    editor = {},
    title = {L'ivresse},
    booktitle = {La Vigne et le Vin, catalogue de l'exposition: le vin à la Villette},
    publisher = {Edition La Manufacture},
    location = {Paris},
    year = 1989,
    pagetotal = {8},
    language = {français},
    keywords = {expo-crh, crh-1989}
    }

@collection{Mane3322-1987,
    author = {Mane, Perrine and D. Alexandre-Bidon},
    editor = {},
    title = {Evolution du costume populaire au cours du Moyen Age},
    booktitle = {Costume Coutume, Catalogue d'Exposition},
    publisher = {},
    location = {Paris},
    year = 1987,
    pagetotal = {4},
    language = {français},
    keywords = {expo-crh, crh-1987}
    }

@collection{Mane3323-1988,
    author = {Mane, Perrine and D. Alexandre-Bidon},
    editor = {},
    title = {La vie quotidienne d'après l' iconographie carolingienne},
    booktitle = {Un village au temps de Charlemagne, Catalogue d'Exposition},
    publisher = {Musée national des arts et traditions populaires},
    location = {Paris},
    year = 1988,
    pagetotal = {14},
    language = {français},
    keywords = {expo-crh, crh-1988}
    }

@collection{Piponnier3415-1986,
    author = {Piponnier, Françoise and D. Alexandre-Bidon, and J.-M. Pesez and  and J.-M. Poisson and G. Démians d'Archimbaud and B. Maccari-Poisson},
    editor = {},
    title = {Châteaux et villages du Moyen Age : Forez, Bourgogne, Provence},
    booktitle = {Catalogue de l'exposition},
    publisher = {Musée d'Allard},
    location = {Montbrison (Loire) 1986-1987},
    year = 1986,
    pagetotal = {},
    language = {français},
    keywords = {expo-crh, crh-1986}
    }

@collection{Piponnier3420-1987,
    author = {Piponnier, Françoise},
    editor = {},
    title = {Le costume paysan à la fin du Moyen Age},
    booktitle = {Costume, Coutume. Catalogue de l'exposition au Grand Palais},
    publisher = {},
    location = {Paris},
    year = 1987,
    pagetotal = {4},
    language = {français},
    keywords = {expo-crh, crh-1987}
    }

@collection{Pomian3429-1987,
    author = {Pomian, Krzysztof},
    editor = {},
    title = {Kultura et son Cercle.},
    booktitle = {Guide de l'exposition à la Bibliothèque polonaise (déc. 1986-janv. 1987)},
    publisher = {Les amis de Kultura},
    location = {Paris},
    year = 1987,
    pagetotal = {63},
    language = {français},
    keywords = {expo-crh, crh-1987}
    }

@collection{Mane4348-1990,
    author = {Mane, Perrine and D.Alexandre -Bidon and F.Piponnier},
    editor = {},
    title = {Le mobilier de la maison médiévale},
    booktitle = {Le meuble régional en France. Catalogue de l'exposition du Musée ATP (19 oct. 1990- 25 fév. 1991},
    publisher = {},
    location = {Paris},
    year = 1990,
    pagetotal = {2},
    language = {français},
    keywords = {expo-crh, crh-1990}
    }

@collection{Mane4349-1990,
    author = {Mane, Perrine and D. Alexandre-Bidon},
    editor = {},
    title = {Images du repas de fête au Moyen-Age},
    booktitle = {Se nourrir à Besançon au Moyen-Age. A la table d'un vigneron de Battant. Catalogue de l'exposition à Besançon},
    publisher = {},
    location = {Paris},
    year = 1990,
    pagetotal = {6},
    language = {français},
    keywords = {expo-crh, crh-1990}
    }

@collection{Mouradian4369-1990,
    author = {Mouradian, Claire},
    editor = {},
    title = {La presse arménienne en France},
    booktitle = {France des étrangers. France des libertés, médias et communautés dans l'histoire nationale, Catalogue de l'exposition organisée par l'association "Génériquesé dans le cadre du bicentenaire de la Révolution (Marseille, Orléans, Paris)},
    publisher = {},
    location = {Paris},
    year = 1990,
    pagetotal = {11},
    language = {français},
    keywords = {expo-crh, crh-1990}
    }

@collection{Mouradian4372-1991,
    author = {Mouradian, Claire},
    editor = {W. Berelowitch and L. Gervereau},
    title = {La caricature dans la presse arménienne du Caucase, d'un empire à l'autre},
    booktitle = {L'image politique, Russie-URSS, 1914-1991. Catalogue de l'exposition du Musée d'Histoire contemporaine (Paris, oct.-déc. 1991)},
    publisher = {},
    location = {Paris},
    year = 1991,
    pagetotal = {8},
    language = {français},
    keywords = {expo-crh, crh-1991}
    }

@collection{Pesez4415-1993,
    author = {Pesez, Jean-Marie},
    editor = {},
    title = {La vie rurale et conclusion},
    booktitle = {L'Ile-de-France, de Clovis à Hugues Capet, catalogue d'exposition},
    publisher = {},
    location = {},
    year = 1993,
    pagetotal = {9},
    language = {français},
    keywords = {expo-crh, crh-1993}
    }

@collection{Pomian4483-1993,
    author = {Pomian, Krzysztof},
    editor = {D. Folga-Januszewska},
    title = {La photographie : transfiguration du visible},
    booktitle = {Photologie Egypte lumière et fotosinteza (sic!) de Pruszkowski. Catalogue d'exposition},
    publisher = {Musée national},
    location = {Varsovie},
    year = 1993,
    pagetotal = {9},
    language = {français},
    keywords = {expo-crh, crh-1993}
    }

@collection{Dewerpe5084-1995,
    author = {Dewerpe, Alain},
    editor = {},
    title = {Travailler chez Schneider},
    booktitle = {Les Schneider, Le Creusot. Une famille, une entreprise, une ville (1836-1960),},
    publisher = {Fayard/Réunion des musées nationaux},
    location = {Paris},
    year = 1995,
    pagetotal = {28},
    language = {français},
    keywords = {expo-crh, crh-1995}
    }

@collection{Mane5346-1994,
    author = {Mane, Perrine},
    editor = {},
    title = {Paysans, Paysages au Moyen Age},
    booktitle = {Paysans, paysages : L'Art et la terre en Europe du Moyen Age au XXe siècle. Catalogue  d'exposition à la Bibliothèque nationale},
    publisher = {Seuil/Réuniion des Musées nationaux},
    location = {Paris},
    year = 1994,
    pagetotal = {25},
    language = {français},
    keywords = {expo-crh, crh-1994}
    }

@collection{Pomian5436-1994,
    author = {Pomian, Krzysztof},
    editor = {Ch. Georgel},
    title = {Musées français, musées européens},
    booktitle = {La Jeunesse des musées. Les musées en France au XIXe siècle. Catalogue d'exposition au musée d'Orsay},
    publisher = {Réunion des musées nationaux},
    location = {Paris},
    year = 1994,
    pagetotal = {14},
    language = {français},
    keywords = {expo-crh, crh-1994}
    }

@collection{Pomian5437-1994,
    author = {Pomian, Krzysztof},
    editor = {Ch. Brockhaus and R. Stanislawski},
    title = {Vier Europas, eine Kultur ?},
    booktitle = {Europa, Europa. Das Jahrhundert der Avantgarde in Mittel- und Osteuropa. Catalogue d'exposition},
    publisher = {},
    location = {Bonn},
    year = 1994,
    pagetotal = {3},
    language = {allemand},
    keywords = {expo-crh, crh-1994}
    }

@collection{Pomian5439-1997,
    author = {Pomian, Krzysztof},
    editor = {},
    title = {Das Museum : die Quintessenz Europas},
    booktitle = {Wunderkammer des Abendlandes. Museum und Sammlung im Spiegel der Zeit. Catalogue d'exposition},
    publisher = {},
    location = {Bonn},
    year = 1997,
    pagetotal = {7},
    language = {allemand},
    keywords = {expo-crh, crh-1997}
    }

@collection{Pomian5444-1995,
    author = {Pomian, Krzysztof},
    editor = {S. Pagé},
    title = {L'art vivant, les collectionneurs et les musées},
    booktitle = {Passions privées. Catalogue d'exposition du Musée d'Art moderne de la ville de Paris},
    publisher = {},
    location = {Paris},
    year = 1995,
    pagetotal = {8},
    language = {français},
    keywords = {expo-crh, crh-1995}
    }

@collection{Piponnier5647-1990,
    author = {Piponnier, Françoise and D.Alexandre-Bidon and P.Mane},
    editor = {},
    title = {Le meuble régional en France},
    booktitle = {Le meuble régional en France. Catalogue de l'exposition du Musée ATP (19 oct. 1990- 25 fév. 1991},
    publisher = {},
    location = {Paris},
    year = 1990,
    pagetotal = {},
    language = {français},
    keywords = {expo-crh, crh-1990}
    }

