@article{Courbin349-1967,
    author = {Courbin, Paul},
    title = {Préhistoire de l'Art occidental (A. Leroy Gourhan)},
    journal = {L'homme},
    year = 1967,
    language = {français},
    keywords = {cr-crh}
    }

@misc{Courbin2196-1983,
    author = {Courbin, Paul},
    title = {Le Monument aux Hexagones et le Portique des Naxiens, Exploration Archéologique de Délos XXXII},
    year = 1983,
    language = {français},
    addendum = {compte-rendu},
    keywords = {cr-crh}
    }

@misc{Berthe2810-1985,
    author = {Berthe, Jean-Pierre},
    title = {Relaciones y Memorias de la Provincia de Michoacan},
    year = 1985,
    language = {espagnol},
    addendum = {compte-rendu},
    keywords = {cr-crh}
    }

@misc{Flandrin3036-1987,
    author = {Flandrin, Jean-Louis},
    title = {Cooking, Cuisine and Classes de Jack Goody},
    year = 1987,
    language = {anglais},
    addendum = {compte-rendu},
    keywords = {cr-crh}
    }

