@misc{Pomian3441-1986,
    author = {Pomian, Krzysztof},
    title = {L'idée de culture aujourd'hui. Conférence à l'Ecole Polytechnique},
    year = 1986,
    language = {français},
    keywords = {conf-crh}
    }

