@proceedings{Furet1065-1970,
    editor = {Furet, François},
    editortype = {dir.},
    title = {Livre et société dans la France du XVIIIe siècle},
    booktitle = {Livre et société dans la France du XVIIIe siècle},
    publisher = {Mouton},
    location = {Paris},
    year = 1970,
    pagetotal = {},
    language = {français},
    keywords = {proceedings-crh}
    }

@proceedings{Hemardinquer1071-1971,
    editor = {Hemardinquer, Jean-Jacques},
    editortype = {dir.},
    title = {Pour une histoire de l'alimentation},
    booktitle = {Pour une histoire de l'alimentation},
    publisher = {Armand Colin},
    location = {Paris},
    year = 1971,
    pagetotal = {},
    language = {français},
    keywords = {proceedings-crh}
    }

@proceedings{Aron1254-1975,
    editor = {Aron, Jean-Paul},
    editortype = {dir.},
    title = {Qu 'est-ce que la culture française ?},
    booktitle = {Qu 'est-ce que la culture française ?},
    publisher = {Denoël},
    location = {Paris},
    year = 1975,
    pagetotal = {},
    language = {français},
    keywords = {proceedings-crh}
    }

@proceedings{LeRoyLadurie1394-1976,
    editor = {Le Roy Ladurie, Emmanuel},
    editortype = {dir.},
    title = {Histoire de la France rurale, t.II:L'âge classique des paysans de 1340 à 1789},
    booktitle = {Histoire de la France rurale, t.II:L'âge classique des paysans de 1340 à 1789},
    publisher = {Seuil},
    location = {Paris},
    year = 1976,
    pagetotal = {},
    language = {français},
    keywords = {proceedings-crh}
    }

@proceedings{Dauphin1440-1995,
    editor = {Dauphin-Memeteau, Cécile and A.Farge},
    editortype = {dir.},
    title = {De la violence et des femmes},
    booktitle = {De la violence et des femmes},
    publisher = {Albin Michel},
    location = {Paris},
    year = 1995,
    pagetotal = {},
    language = {français},
    keywords = {proceedings-crh}
    }

@proceedings{Farge1441-1984,
    editor = {Farge, Arlette and C.Klapisch},
    editortype = {dir.},
    title = {Madame ou Mademoiselle? Itinéraires de la solitude féminine},
    booktitle = {Madame ou Mademoiselle? Itinéraires de la solitude féminine},
    publisher = {Montalba},
    location = {Paris},
    year = 1984,
    pagetotal = {303},
    language = {français},
    keywords = {proceedings-crh}
    }

@proceedings{Chartier1476-1978,
    editor = {Chartier, Roger and J.Le Goff and J.Revel},
    editortype = {dir.},
    title = {La nouvelle histoire},
    booktitle = {La nouvelle histoire},
    publisher = {Retz},
    location = {Paris},
    year = 1978,
    pagetotal = {},
    language = {français},
    keywords = {proceedings-crh}
    }

@proceedings{Bergeron1536-1978,
    editor = {Bergeron, Louis},
    editortype = {dir.},
    title = {L'histoire économique et sociale du monde},
    booktitle = {L'histoire économique et sociale du monde},
    publisher = {Colin},
    location = {Paris},
    year = 1978,
    pagetotal = {},
    language = {français},
    keywords = {proceedings-crh}
    }

@proceedings{LeGoff1617-1978,
    editor = {Le Goff, Jacques and R.Chartier and J.Revel},
    editortype = {dir.},
    title = {La nouvelle histoire},
    booktitle = {La nouvelle histoire},
    publisher = {Retz},
    location = {Paris},
    year = 1978,
    pagetotal = {575},
    language = {français},
    keywords = {proceedings-crh}
    }

@proceedings{Revel1693-1978,
    editor = {Revel, Jacques and J.Le Goff and R.Chartier},
    editortype = {dir.},
    title = {La nouvelle histoire},
    booktitle = {La nouvelle histoire},
    publisher = {Retz},
    location = {Paris},
    year = 1978,
    pagetotal = {},
    language = {français},
    keywords = {proceedings-crh}
    }

@proceedings{Sigaut1715-1979,
    editor = {Sigaut, François and M.Gast},
    editortype = {dir.},
    title = {Les techniques de conservation des grains à long terme (T1)},
    booktitle = {Les techniques de conservation des grains à long terme (T1)},
    publisher = {CNRS},
    location = {Paris},
    year = 1979,
    pagetotal = {231},
    language = {français},
    keywords = {proceedings-crh}
    }

@proceedings{Aron1765-1980,
    editor = {Aron, Jean-Paul},
    editortype = {dir.},
    title = {Misérable et glorieuse, la femme su 19e siècle},
    booktitle = {Misérable et glorieuse, la femme su 19e siècle},
    publisher = {Fayard},
    location = {Paris},
    year = 1980,
    pagetotal = {248},
    language = {français},
    keywords = {proceedings-crh}
    }

@proceedings{Aymard1768-1982,
    editor = {Aymard, Maurice},
    editortype = {dir.},
    title = {Dutch capitalism and world capitalism},
    booktitle = {Dutch capitalism and world capitalism},
    publisher = {University press-MSH},
    location = {Cambridge-Paris},
    year = 1982,
    pagetotal = {},
    language = {anglais},
    keywords = {proceedings-crh}
    }

@proceedings{Farge1770-1978,
    editor = {Farge, Arlette and B.Vincent and F.Raison},
    editortype = {dir.},
    title = {Marginaux et exclus dans l'histoire},
    booktitle = {Marginaux et exclus dans l'histoire},
    publisher = {UGE},
    location = {Paris},
    year = 1978,
    pagetotal = {},
    language = {français},
    keywords = {proceedings-crh}
    }

@proceedings{Chartier1813-1982,
    editor = {Chartier, Roger and D.Richet},
    editortype = {dir.},
    title = {Représentation et vouloir politiques. Autour des Etats Généraux de 1614},
    booktitle = {Représentation et vouloir politiques. Autour des Etats Généraux de 1614},
    publisher = {EHESS},
    location = {Paris},
    year = 1982,
    pagetotal = {195},
    language = {français},
    keywords = {proceedings-crh}
    }

@proceedings{Dupaquier1846-1981,
    editor = {Dupaquier, Jacques},
    editortype = {dir.},
    title = {Marriage et remariage dans les populations du passé},
    booktitle = {Marriage et remariage dans les populations du passé},
    publisher = {Academic press},
    location = {Londres-New York},
    year = 1981,
    pagetotal = {},
    language = {français},
    keywords = {proceedings-crh}
    }

@proceedings{Goy1880-1981,
    editor = {Goy, Joseph and N.Bulst and J.Hoock},
    editortype = {dir.},
    title = {Familie Zwischen Tradition und Moderne, Studien zue Geschichte der Familie in Deutschland und Frankreich vom 16 bis zum 19 Jahrhundert},
    booktitle = {Familie Zwischen Tradition und Moderne, Studien zue Geschichte der Familie in Deutschland und Frankreich vom 16 bis zum 19 Jahrhundert},
    publisher = {},
    location = {Göttingen},
    year = 1981,
    pagetotal = {328},
    language = {allemand},
    keywords = {proceedings-crh}
    }

@proceedings{Goy1881-1982,
    editor = {Goy, Joseph and C.Bobinska},
    editortype = {dir.},
    title = {Les Pyrénées et les Carpates 16e-20e siècles. Recherches franco-polonaises comparées. Histoire et anthropologie des régions montagneuses et submontagneuses},
    booktitle = {Les Pyrénées et les Carpates 16e-20e siècles. Recherches franco-polonaises comparées. Histoire et anthropologie des régions montagneuses et submontagneuses},
    publisher = {},
    location = {Cracovie},
    year = 1982,
    pagetotal = {164},
    language = {français},
    keywords = {proceedings-crh}
    }

@proceedings{Goy1882-1981,
    editor = {Goy, Joseph and J.P.Wallot},
    editortype = {dir.},
    title = {Société rurale dans la France de l'Ouest et u Québec (17e-20e siècles)},
    booktitle = {Société rurale dans la France de l'Ouest et u Québec (17e-20e siècles)},
    publisher = {},
    location = {Montréal},
    year = 1981,
    pagetotal = {254},
    language = {français},
    keywords = {proceedings-crh}
    }

@proceedings{Goy1883-1981,
    editor = {Goy, Joseph and I.Chiva},
    editortype = {dir.},
    title = {Les Baronnies des Pyrénées},
    booktitle = {Les Baronnies des Pyrénées},
    publisher = {EHESS},
    location = {Paris},
    year = 1981,
    pagetotal = {220},
    language = {français},
    keywords = {proceedings-crh}
    }

@proceedings{Goy1884-1982,
    editor = {Goy, Joseph and E.Le Roy Ladurie},
    editortype = {dir.},
    title = {Tithe and Agrarian History from the Fourteenth to the Nineteenth Century. An essay in Comparative History},
    booktitle = {Tithe and Agrarian History from the Fourteenth to the Nineteenth Century. An essay in Comparative History},
    publisher = {University Press-MSH},
    location = {Cambridge-Paris},
    year = 1982,
    pagetotal = {208},
    language = {anglais},
    keywords = {proceedings-crh}
    }

@proceedings{LeRoyLadurie1949-1982,
    editor = {Le Roy Ladurie, Emmanuel and J.Goy},
    editortype = {dir.},
    title = {Tithe and agrarian history from teh fourteenth to the nineteenth century. An essay in comparative history},
    booktitle = {Tithe and agrarian history from teh fourteenth to the nineteenth century. An essay in comparative history},
    publisher = {MSH-Cambridge Univ.P},
    location = {Paris-Cambridge},
    year = 1982,
    pagetotal = {},
    language = {anglais},
    keywords = {proceedings-crh}
    }

@proceedings{Reberioux2009-1981,
    editor = {Reberioux, Madeleine},
    editortype = {dir.},
    title = {Jaurès et la classe ouvrière},
    booktitle = {Jaurès et la classe ouvrière},
    publisher = {ée.ouvrières},
    location = {Paris},
    year = 1981,
    pagetotal = {},
    language = {français},
    keywords = {proceedings-crh}
    }

@proceedings{Schmitt2020-1981,
    editor = {Schmitt, Jean-Claude and J.Le Goff},
    editortype = {dir.},
    title = {Le charivari},
    booktitle = {Le charivari},
    publisher = {EHESS-Mouton},
    location = {Paris-La Haye},
    year = 1981,
    pagetotal = {445},
    language = {français},
    keywords = {proceedings-crh}
    }

@proceedings{Richet2057-1982,
    editor = {Richet, Denis and R.Chartier},
    editortype = {dir.},
    title = {Représentation et vouloir politiques autour des Etats Généraux de 1614},
    booktitle = {Représentation et vouloir politiques autour des Etats Généraux de 1614},
    publisher = {EHESS},
    location = {Paris},
    year = 1982,
    pagetotal = {195},
    language = {français},
    keywords = {proceedings-crh}
    }

@proceedings{Sigaut2062-1980,
    editor = {Sigaut, François and M.Gast},
    editortype = {dir.},
    title = {Les techniques de conservation des grains à long terme (t.2)},
    booktitle = {Les techniques de conservation des grains à long terme (t.2)},
    publisher = {CNRS},
    location = {Paris},
    year = 1980,
    pagetotal = {238},
    language = {français},
    keywords = {proceedings-crh}
    }

@proceedings{Bardet2096-1983,
    editor = {Bardet, Jean-Pierre},
    editortype = {dir.},
    title = {Informatique et Sciences Humaines},
    booktitle = {Informatique et Sciences Humaines},
    publisher = {},
    location = {},
    year = 1983,
    pagetotal = {},
    language = {français},
    keywords = {proceedings-crh}
    }

@proceedings{Braunstein2143-1983,
    editor = {Braunstein, Philippe and P. BENOIT},
    editortype = {dir.},
    title = {Mines, Carrières, Métallurgie dans la France Médiévale},
    booktitle = {Mines, Carrières, Métallurgie dans la France Médiévale},
    publisher = {CNRS},
    location = {Paris},
    year = 1983,
    pagetotal = {},
    language = {français},
    keywords = {proceedings-crh}
    }

@proceedings{Burguiere2154-1986,
    editor = {Burguiere, André},
    editortype = {dir.},
    title = {Dictionnaire des Sciences Historiques},
    booktitle = {Dictionnaire des Sciences Historiques},
    publisher = {PUF},
    location = {Paris},
    year = 1986,
    pagetotal = {},
    language = {français},
    keywords = {proceedings-crh}
    }

@proceedings{Chapelot2163-1985,
    editor = {Chapelot, Odette and P. BENOIT},
    editortype = {dir.},
    title = {Pierre et Métal dans le Bâtiment au Moyen Age},
    booktitle = {Pierre et Métal dans le Bâtiment au Moyen Age},
    publisher = {EHESS},
    location = {Paris},
    year = 1985,
    pagetotal = {},
    language = {français},
    keywords = {proceedings-crh}
    }

@proceedings{Chartier2165-1982,
    editor = {Chartier, Roger and H.-J. MARTIN},
    editortype = {dir.},
    title = {Histoire de l'Edition Française},
    booktitle = {Histoire de l'Edition Française},
    publisher = {Promodis},
    location = {Paris},
    year = 1982,
    pagetotal = {},
    language = {français},
    keywords = {proceedings-crh}
    }

@proceedings{Chartier2173-1984,
    editor = {Chartier, Roger and H.- J. MARTIN},
    editortype = {dir.},
    title = {Histoire de l'Edition Française, t.II: De 1660 à 1830},
    booktitle = {Histoire de l'Edition Française, t.II: De 1660 à 1830},
    publisher = {Promodis},
    location = {Paris},
    year = 1984,
    pagetotal = {},
    language = {français},
    keywords = {proceedings-crh}
    }

@proceedings{Chartier2176-1985,
    editor = {Chartier, Roger},
    editortype = {dir.},
    title = {Pratiques de la lecture},
    booktitle = {Pratiques de la lecture},
    publisher = {Rivages},
    location = {Marseille},
    year = 1985,
    pagetotal = {},
    language = {français},
    keywords = {proceedings-crh}
    }

@proceedings{Chartier2177-1985,
    editor = {Chartier, Roger and H.-J. MARTIN},
    editortype = {dir.},
    title = {Histoire de l'Edition Française, t.III: Le temps des éditeurs. Du Romantisme à la Belle Epoque},
    booktitle = {Histoire de l'Edition Française, t.III: Le temps des éditeurs. Du Romantisme à la Belle Epoque},
    publisher = {Promodis},
    location = {Paris},
    year = 1985,
    pagetotal = {},
    language = {français},
    keywords = {proceedings-crh}
    }

@proceedings{Dauphin2212-1984,
    editor = {Dauphin-Memeteau, Cécile and P. Pézerat},
    editortype = {dir.},
    title = {Femmes au bureau},
    booktitle = {Femmes au bureau},
    publisher = {},
    location = {},
    year = 1984,
    pagetotal = {},
    language = {français},
    keywords = {proceedings-crh}
    }

@proceedings{Fauve2259-1983,
    editor = {Fauve-Chamoux, Antoinette and J. DUPAQUIER},
    editortype = {dir.},
    title = {Malthus Past and Present},
    booktitle = {Malthus Past and Present},
    publisher = {Academic Press},
    location = {London/New-York},
    year = 1983,
    pagetotal = {},
    language = {anglais},
    keywords = {proceedings-crh}
    }

@proceedings{Goubert2314-1982,
    editor = {Goubert, Jean-Pierre and A. BIDEAU and A.-E. IMHOF and M. GARDEN},
    editortype = {dir.},
    title = {Le Vieillissement},
    booktitle = {Le Vieillissement},
    publisher = {Presses Universitaires de Lyon},
    location = {Lyon},
    year = 1982,
    pagetotal = {},
    language = {français},
    keywords = {proceedings-crh}
    }

@proceedings{Goubert2315-1982,
    editor = {Goubert, Jean-Pierre},
    editortype = {dir.},
    title = {La médicalisation de la société française, 1770-1730},
    booktitle = {La médicalisation de la société française, 1770-1730},
    publisher = {Ontario},
    location = {Waterloo},
    year = 1982,
    pagetotal = {},
    language = {français},
    keywords = {proceedings-crh}
    }

@proceedings{Goy2324-1977,
    editor = {Goy, Joseph and E. LE ROY LADURIE},
    editortype = {dir.},
    title = {Prestations paysannes, dîme et rentes foncières},
    booktitle = {Prestations paysannes, dîme et rentes foncières},
    publisher = {},
    location = {},
    year = 1977,
    pagetotal = {},
    language = {français},
    keywords = {proceedings-crh}
    }

@proceedings{Goy2326-1982,
    editor = {Goy, Joseph and I. CHIVA},
    editortype = {dir.},
    title = {Les Baronnies des Pyrénées. Anthropologie et histoire des permanences et des changements},
    booktitle = {Les Baronnies des Pyrénées. Anthropologie et histoire des permanences et des changements},
    publisher = {EHESS},
    location = {Paris},
    year = 1982,
    pagetotal = {},
    language = {français},
    keywords = {proceedings-crh}
    }

@proceedings{Goy2329-1986,
    editor = {Goy, Joseph and I. CHIVA},
    editortype = {dir.},
    title = {Les Baronnies des Pyrénées. Anthropologie et histoire, permanences},
    booktitle = {Les Baronnies des Pyrénées. Anthropologie et histoire, permanences},
    publisher = {EHESS},
    location = {Paris},
    year = 1986,
    pagetotal = {},
    language = {français},
    keywords = {proceedings-crh}
    }

@proceedings{Julia2394-1986,
    editor = {Julia, Dominique and R. CHARTIER and J.Revel},
    editortype = {dir.},
    title = {Les universités européennes du XVIe au XVIIIe siècle. Histoire sociale des populations étudiantes, t. I, Bohême, Espagne, Italie, Pays Germaniques, Pologne, Provinces-Unies},
    booktitle = {Les universités européennes du XVIe au XVIIIe siècle. Histoire sociale des populations étudiantes, t. I, Bohême, Espagne, Italie, Pays Germaniques, Pologne, Provinces-Unies},
    publisher = {EHESS},
    location = {Paris},
    year = 1986,
    pagetotal = {},
    language = {français},
    keywords = {proceedings-crh}
    }

@proceedings{Klapisch2409-1984,
    editor = {Klapisch-Zuber, Christiane and A. FARGE},
    editortype = {dir.},
    title = {Madame ou Mademoiselle ? Itinéraires de la solitude féminine, XVIIIe-XXe siècles},
    booktitle = {Madame ou Mademoiselle ? Itinéraires de la solitude féminine, XVIIIe-XXe siècles},
    publisher = {Arthaud-Montalba},
    location = {Paris},
    year = 1984,
    pagetotal = {303},
    language = {français},
    keywords = {proceedings-crh}
    }

@proceedings{LeGoff2428-1982,
    editor = {Le Goff, Jacques and J.-Cl. SCHMITT and Cl. BREMOND},
    editortype = {dir.},
    title = {L'Exemplum},
    booktitle = {L'Exemplum},
    publisher = {Ed. Brépols},
    location = {Turnhout},
    year = 1982,
    pagetotal = {},
    language = {français},
    keywords = {proceedings-crh}
    }

@proceedings{Nora2482-1984,
    editor = {Nora, Pierre},
    editortype = {dir.},
    title = {Les Lieux de Mémoire},
    booktitle = {Les Lieux de Mémoire},
    publisher = {Gallimard},
    location = {Paris},
    year = 1984,
    pagetotal = {},
    language = {français},
    keywords = {proceedings-crh}
    }

@proceedings{Pomian2555-1984,
    editor = {Pomian, Krzysztof and B. GARNIER},
    editortype = {dir.},
    title = {Les mesures et l'histoire (table ronde Witold Kula, 2 mai 1984},
    booktitle = {Les mesures et l'histoire (table ronde Witold Kula, 2 mai 1984},
    publisher = {CNRS},
    location = {Paris},
    year = 1984,
    pagetotal = {},
    language = {français},
    keywords = {proceedings-crh}
    }

@proceedings{Reberioux2590-1985,
    editor = {Reberioux, Madeleine},
    editortype = {dir.},
    title = {L'expression plastique au XIXe siècle},
    booktitle = {L'expression plastique au XIXe siècle},
    publisher = {},
    location = {},
    year = 1985,
    pagetotal = {6},
    language = {français},
    keywords = {proceedings-crh}
    }

@proceedings{Schmitt2622-1982,
    editor = {Schmitt, Jean-Claude and J. LE GOFF and Cl. BREMOND},
    editortype = {dir.},
    title = {L'exemplum},
    booktitle = {L'exemplum},
    publisher = {Brepols},
    location = {Turnhout},
    year = 1982,
    pagetotal = {},
    language = {français},
    keywords = {proceedings-crh}
    }

@proceedings{Schmitt2631-1983,
    editor = {Schmitt, Jean-Claude},
    editortype = {dir.},
    title = {Gestures, History and Anthropology},
    booktitle = {Gestures, History and Anthropology},
    publisher = {},
    location = {},
    year = 1983,
    pagetotal = {},
    language = {anglais},
    keywords = {proceedings-crh}
    }

@proceedings{Schmitt2639-1985,
    editor = {Schmitt, Jean-Claude},
    editortype = {dir.},
    title = {Prêcher d'exemples. Récits de prédicateurs du Moyen Age},
    booktitle = {Prêcher d'exemples. Récits de prédicateurs du Moyen Age},
    publisher = {Stock},
    location = {Paris},
    year = 1985,
    pagetotal = {},
    language = {français},
    keywords = {proceedings-crh}
    }

@proceedings{Bardet2746-1986,
    editor = {Bardet, Jean-Pierre and J.-P. Chaline},
    editortype = {dir.},
    title = {Eglises, hôtels, vieilles maisons},
    booktitle = {Eglises, hôtels, vieilles maisons},
    publisher = {},
    location = {Rouen},
    year = 1986,
    pagetotal = {},
    language = {français},
    keywords = {proceedings-crh}
    }

@proceedings{Baulant2759-1988,
    editor = {Baulant, Micheline and A.-J. Schurman and P. Servais},
    editortype = {dir.},
    title = {Inventaires après décès et ventes de meubles. Apports à une histoire de la vie économique et quotidienne, XIVe-XIXe siècles},
    booktitle = {Inventaires après décès et ventes de meubles. Apports à une histoire de la vie économique et quotidienne, XIVe-XIXe siècles},
    publisher = {Academia},
    location = {Louvain},
    year = 1988,
    pagetotal = {},
    language = {français},
    keywords = {proceedings-crh}
    }

@proceedings{Burguiere2859-1989,
    editor = {Burguiere, André and J.Revel},
    editortype = {dir.},
    title = {Histoire de la France, t.I: l'espace français. T.II: L'Etat et les pourvoirs},
    booktitle = {Histoire de la France, t.I: l'espace français. T.II: L'Etat et les pourvoirs},
    publisher = {Seuil},
    location = {Paris},
    year = 1989,
    pagetotal = {},
    language = {français},
    keywords = {proceedings-crh}
    }

@proceedings{Chase2919-1987,
    editor = {Chase, Jane},
    editortype = {dir.},
    title = {Géographie du capital marchand aux Amériques, 1760-1860},
    booktitle = {Géographie du capital marchand aux Amériques, 1760-1860},
    publisher = {EHESS},
    location = {Paris},
    year = 1987,
    pagetotal = {},
    language = {français},
    keywords = {proceedings-crh}
    }

@proceedings{Froeschle3086-1988,
    editor = {Froeschle-Chopard, Marie-Hélène},
    editortype = {dir.},
    title = {Les Confréries, l'Eglise et la Cité},
    booktitle = {Les Confréries, l'Eglise et la Cité},
    publisher = {},
    location = {Grenoble},
    year = 1988,
    pagetotal = {},
    language = {français},
    keywords = {proceedings-crh}
    }

@proceedings{Froeschle3087-1989,
    editor = {Froeschle-Chopard, Marie-Hélène},
    editortype = {dir.},
    title = {Actes du Colloque de Marseille Confréries et Dévotions à l'épreuve de la Révolution},
    booktitle = {Actes du Colloque de Marseille Confréries et Dévotions à l'épreuve de la Révolution},
    publisher = {},
    location = {},
    year = 1989,
    pagetotal = {},
    language = {français},
    keywords = {proceedings-crh}
    }

@proceedings{Furet3093-1988,
    editor = {Furet, François and M. Ozouf},
    editortype = {dir.},
    title = {Dictionnaire critique de la Révolution française},
    booktitle = {Dictionnaire critique de la Révolution française},
    publisher = {Flammarion},
    location = {Paris},
    year = 1988,
    pagetotal = {},
    language = {français},
    keywords = {proceedings-crh}
    }

@proceedings{Furet3094-1989,
    editor = {Furet, François and R. Halevi},
    editortype = {dir.},
    title = {Les Orateurs de la Révolution, t. I - Les Constituants},
    booktitle = {Les Orateurs de la Révolution, t. I - Les Constituants},
    publisher = {Gallimard},
    location = {Paris},
    year = 1989,
    pagetotal = {},
    language = {français},
    keywords = {proceedings-crh}
    }

@proceedings{Goubert3099-1988,
    editor = {Goubert, Jean-Pierre},
    editortype = {dir.},
    title = {Du luxe au confort},
    booktitle = {Du luxe au confort},
    publisher = {Belin},
    location = {Paris},
    year = 1988,
    pagetotal = {},
    language = {français},
    keywords = {proceedings-crh}
    }

@proceedings{Goy3105-1986,
    editor = {Goy, Joseph and J.-P. Wallot},
    editortype = {dir.},
    title = {Evolution et éclatement du monde rural. France-Québec XVIIe-XXe siècles},
    booktitle = {Evolution et éclatement du monde rural. France-Québec XVIIe-XXe siècles},
    publisher = {E.H.E.S.S. Presses Universitaires de Montréal},
    location = {Paris/Montréal},
    year = 1986,
    pagetotal = {},
    language = {français},
    keywords = {proceedings-crh}
    }

@proceedings{Nahoum3119-1987,
    editor = {Nahoum-Grappe, Véronique and N. Czechowski},
    editortype = {dir.},
    title = {Autrement, Fatale Beauté : une évidence, une énigme},
    booktitle = {Autrement, Fatale Beauté : une évidence, une énigme},
    publisher = {Autrement},
    location = {Paris},
    year = 1987,
    pagetotal = {},
    language = {français},
    keywords = {proceedings-crh}
    }

@proceedings{Green3136-1987,
    editor = {Green, Nancy and A. Benveniste and J. Brody and S. Tasmadjian},
    editortype = {dir.},
    title = {Les quartiers parisiens de l'industrie de l'habillement et les relations pluri-ethniques},
    booktitle = {Les quartiers parisiens de l'industrie de l'habillement et les relations pluri-ethniques},
    publisher = {Ministère de la Culture (MIRE)},
    location = {Paris},
    year = 1987,
    pagetotal = {},
    language = {français},
    keywords = {proceedings-crh}
    }

@proceedings{Green3137-1988,
    editor = {Green, Nancy and K. Ozturk and T.-Y. Phong and S. Tasmadjian and A. Vince},
    editortype = {dir.},
    title = {Les rapports habitat/travail dans l'industrie de l'habillement à Paris et dans sa banlieue},
    booktitle = {Les rapports habitat/travail dans l'industrie de l'habillement à Paris et dans sa banlieue},
    publisher = {Ministère de l'équipement, du logement, de l'aménagement du territoire et des transports},
    location = {Paris},
    year = 1988,
    pagetotal = {184},
    language = {français},
    keywords = {proceedings-crh}
    }

@proceedings{Chartier3207-1986,
    editor = {Chartier, Roger and D.Julia and J.Revel},
    editortype = {dir.},
    title = {Les Universités européennes du XVIe au XVIIIe siècles. Histoire sociale des populations étudiantes, t. I - Bohème, Espagne, Etats italiens, Pays germaniques, Pologne, Provinces-Unies},
    booktitle = {Les Universités européennes du XVIe au XVIIIe siècles. Histoire sociale des populations étudiantes, t. I - Bohème, Espagne, Etats italiens, Pays germaniques, Pologne, Provinces-Unies},
    publisher = {EHESS},
    location = {Paris},
    year = 1986,
    pagetotal = {},
    language = {français},
    keywords = {proceedings-crh}
    }

@proceedings{Julia3222-1989,
    editor = {Julia, Dominique and J.Revel},
    editortype = {dir.},
    title = {Les universités européennes du XVIe au XVIIIe siècles. Histoire sociale des populations étudiantes.Histoire sociale des populations étudiantes. Tome 2},
    booktitle = {Les universités européennes du XVIe au XVIIIe siècles. Histoire sociale des populations étudiantes.Histoire sociale des populations étudiantes. Tome 2},
    publisher = {EHESS},
    location = {Paris},
    year = 1989,
    pagetotal = {},
    language = {français},
    keywords = {proceedings-crh}
    }

@proceedings{Klapisch3250-1986,
    editor = {Klapisch-Zuber, Christiane and A. Burguière, and M. Segalen and F. Zonabend},
    editortype = {dir.},
    title = {Histoire de la famille},
    booktitle = {Histoire de la famille},
    publisher = {Armand Colin},
    location = {Paris},
    year = 1986,
    pagetotal = {},
    language = {français},
    keywords = {proceedings-crh}
    }

@proceedings{LeGoff3292-1989,
    editor = {Le Goff, Jacques and R. Rémond},
    editortype = {dir.},
    title = {Histoire de la France religieuse},
    booktitle = {Histoire de la France religieuse},
    publisher = {},
    location = {},
    year = 1989,
    pagetotal = {},
    language = {français},
    keywords = {proceedings-crh}
    }

@proceedings{Nora3354-1986,
    editor = {Nora, Pierre},
    editortype = {dir.},
    title = {Les lieux de Mémoire, 3 vol.},
    booktitle = {Les lieux de Mémoire, 3 vol.},
    publisher = {Gallimard},
    location = {Paris},
    year = 1986,
    pagetotal = {},
    language = {français},
    keywords = {proceedings-crh}
    }

@proceedings{Ozouf3368-1988,
    editor = {Ozouf, Mona and F. Furet},
    editortype = {dir.},
    title = {Dictionnaire critique de la Révolution française},
    booktitle = {Dictionnaire critique de la Révolution française},
    publisher = {Flammarion},
    location = {Paris},
    year = 1988,
    pagetotal = {},
    language = {français},
    keywords = {proceedings-crh}
    }

@proceedings{Revel3485-1986,
    editor = {Revel, Jacques and R.Chartier and D.Julia},
    editortype = {dir.},
    title = {Les universités européennes du XVIe au XVIIIe siècles : Histoire sociale des populations étudiantes. Tome 1},
    booktitle = {Les universités européennes du XVIe au XVIIIe siècles : Histoire sociale des populations étudiantes. Tome 1},
    publisher = {EHESS},
    location = {Paris},
    year = 1986,
    pagetotal = {},
    language = {français},
    keywords = {proceedings-crh}
    }

@proceedings{Revel3492-1989,
    editor = {Revel, Jacques},
    editortype = {dir.},
    title = {Histoire de la France, t. I - L'Espace français},
    booktitle = {Histoire de la France, t. I - L'Espace français},
    publisher = {Seuil},
    location = {Paris},
    year = 1989,
    pagetotal = {},
    language = {français},
    keywords = {proceedings-crh}
    }

@proceedings{Revel3493-1989,
    editor = {Revel, Jacques and D. Julia},
    editortype = {dir.},
    title = {Les Universités européennes du XVIe au XVIIIe siècles.Histoire sociale des populations étudiantes.Tome 2},
    booktitle = {Les Universités européennes du XVIe au XVIIIe siècles.Histoire sociale des populations étudiantes.Tome 2},
    publisher = {EHESS},
    location = {Paris},
    year = 1989,
    pagetotal = {},
    language = {français},
    keywords = {proceedings-crh}
    }

@proceedings{Andreau3636-1990,
    editor = {Andreau, Jean and H. Bruhns},
    editortype = {dir.},
    title = {Parenté et stratégies familiales dans l'Antiquité romaine},
    booktitle = {Parenté et stratégies familiales dans l'Antiquité romaine},
    publisher = {},
    location = {Rome},
    year = 1990,
    pagetotal = {},
    language = {français},
    keywords = {proceedings-crh}
    }

@proceedings{Andreau3637-1990,
    editor = {Andreau, Jean and E. Aerts and P. Oersted},
    editortype = {dir.},
    title = {Models of Regional Economies in Antiquity and the Middle Ages},
    booktitle = {Models of Regional Economies in Antiquity and the Middle Ages},
    publisher = {},
    location = {Louvain},
    year = 1990,
    pagetotal = {},
    language = {anglais},
    keywords = {proceedings-crh}
    }

@proceedings{Benoit3671-1991,
    editor = {Benoit, Serge and D. Cailleaux},
    editortype = {dir.},
    title = {Moines et métallurgie dans la France médiévale},
    booktitle = {Moines et métallurgie dans la France médiévale},
    publisher = {},
    location = {Paris},
    year = 1991,
    pagetotal = {},
    language = {français},
    keywords = {proceedings-crh}
    }

@proceedings{Bergeron3683-1991,
    editor = {Bergeron, Louis and L.Cullen},
    editortype = {dir.},
    title = {Culture et pratiques politiques en France et en Irlande, XVIe-XVIIIe siècles},
    booktitle = {Culture et pratiques politiques en France et en Irlande, XVIe-XVIIIe siècles},
    publisher = {},
    location = {Paris},
    year = 1991,
    pagetotal = {},
    language = {français},
    keywords = {proceedings-crh}
    }

@proceedings{Bergeron3686-1988,
    editor = {Bergeron, Louis},
    editortype = {dir.},
    title = {La croissance régionale dans l'Europe méditerranéenne XVIIIe-XXe siècles},
    booktitle = {La croissance régionale dans l'Europe méditerranéenne XVIIIe-XXe siècles},
    publisher = {},
    location = {},
    year = 1988,
    pagetotal = {},
    language = {français},
    keywords = {proceedings-crh}
    }

@proceedings{Berlioz3692-1990,
    editor = {Berlioz, Jacques and P. Arabeyre and alii},
    editortype = {dir.},
    title = {Saint Bernard en Bourgogne. Lieux et mémoire},
    booktitle = {Saint Bernard en Bourgogne. Lieux et mémoire},
    publisher = {},
    location = {Dijon},
    year = 1990,
    pagetotal = {},
    language = {français},
    keywords = {proceedings-crh}
    }

@proceedings{Berlioz3697-1991,
    editor = {Berlioz, Jacques and N. Beriou,et alii},
    editortype = {dir.},
    title = {Prier au Moyen-Age, Pratiques et expériences (Ve-XVe siècles)},
    booktitle = {Prier au Moyen-Age, Pratiques et expériences (Ve-XVe siècles)},
    publisher = {},
    location = {Turnhout},
    year = 1991,
    pagetotal = {},
    language = {français},
    keywords = {proceedings-crh}
    }

@proceedings{Berlioz3700-1992,
    editor = {Berlioz, Jacques and M.-A. Polo de Beaulieu},
    editortype = {dir.},
    title = {Les exempla médiévaux. Introduction à la recherche, suivie des tables critiques de l'Index exemplorum de Fr. C. Tubach},
    booktitle = {Les exempla médiévaux. Introduction à la recherche, suivie des tables critiques de l'Index exemplorum de Fr. C. Tubach},
    publisher = {},
    location = {Carcassonne},
    year = 1992,
    pagetotal = {},
    language = {français},
    keywords = {proceedings-crh}
    }

@proceedings{Berthe3709-1991,
    editor = {Berthe, Jean-Pierre and A. Breton and S. Lecoin},
    editortype = {dir.},
    title = {Vingt études sur le Mexique et le Guatémala réunies à la mémoire de Nicole Percheron},
    booktitle = {Vingt études sur le Mexique et le Guatémala réunies à la mémoire de Nicole Percheron},
    publisher = {},
    location = {Toulouse},
    year = 1991,
    pagetotal = {},
    language = {français},
    keywords = {proceedings-crh}
    }

@proceedings{Bonnain3724-1992,
    editor = {Bonnain, Rolande and J. Goy and G. Bouchard},
    editortype = {dir.},
    title = {Transmettre, hériter, succéder : la reproduction familiale en milieu rural France-Québec, XVIIIe-XXe siècles},
    booktitle = {Transmettre, hériter, succéder : la reproduction familiale en milieu rural France-Québec, XVIIIe-XXe siècles},
    publisher = {},
    location = {Lyon},
    year = 1992,
    pagetotal = {},
    language = {français},
    keywords = {proceedings-crh}
    }

@proceedings{Boureau3756-1992,
    editor = {Boureau, Alain and C.-S. Ingerflom},
    editortype = {dir.},
    title = {La royauté sacrée dans le monde chrétien},
    booktitle = {La royauté sacrée dans le monde chrétien},
    publisher = {},
    location = {Paris},
    year = 1992,
    pagetotal = {},
    language = {français},
    keywords = {proceedings-crh}
    }

@proceedings{Bruhns3803-1990,
    editor = {Bruhns, Hinnerk and J. Andreau},
    editortype = {dir.},
    title = {Parenté et stratégies familiales dans l'Antiquité Romaine},
    booktitle = {Parenté et stratégies familiales dans l'Antiquité Romaine},
    publisher = {},
    location = {Rome},
    year = 1990,
    pagetotal = {},
    language = {français},
    keywords = {proceedings-crh}
    }

@proceedings{Burguiere3808-1990,
    editor = {Burguiere, André and J.Revel},
    editortype = {dir.},
    title = {Histoire de la France},
    booktitle = {Histoire de la France},
    publisher = {Seuil},
    location = {Paris},
    year = 1990,
    pagetotal = {},
    language = {français},
    keywords = {proceedings-crh}
    }

@proceedings{Burguiere3809-1990,
    editor = {Burguiere, André and H. Atsma},
    editortype = {dir.},
    title = {Marc Bloch aujourd'hui : Histoire comparée et sciences sociales},
    booktitle = {Marc Bloch aujourd'hui : Histoire comparée et sciences sociales},
    publisher = {},
    location = {Paris},
    year = 1990,
    pagetotal = {},
    language = {français},
    keywords = {proceedings-crh}
    }

@proceedings{Burguiere3817-1993,
    editor = {Burguiere, André and J.Revel},
    editortype = {dir.},
    title = {Histoire de la France},
    booktitle = {Histoire de la France},
    publisher = {Seuil},
    location = {Paris},
    year = 1993,
    pagetotal = {},
    language = {français},
    keywords = {proceedings-crh}
    }

@proceedings{Chartier3846-1991,
    editor = {Chartier, Roger},
    editortype = {dir.},
    title = {La correspondance. Les usages de la lettre au XIXe siècle},
    booktitle = {La correspondance. Les usages de la lettre au XIXe siècle},
    publisher = {},
    location = {Paris},
    year = 1991,
    pagetotal = {},
    language = {français},
    keywords = {proceedings-crh}
    }

@proceedings{Chaussinand3895-1991,
    editor = {Chaussinand-Nogaret, Guy},
    editortype = {dir.},
    title = {Histoire des élites en France},
    booktitle = {Histoire des élites en France},
    publisher = {},
    location = {Paris},
    year = 1991,
    pagetotal = {},
    language = {français},
    keywords = {proceedings-crh}
    }

@proceedings{Elboudrari3998-1993,
    editor = {Elboudrari, Hassan},
    editortype = {dir.},
    title = {Modes de transmission de la culture religieuse en Islam},
    booktitle = {Modes de transmission de la culture religieuse en Islam},
    publisher = {},
    location = {Le Caire},
    year = 1993,
    pagetotal = {},
    language = {français},
    keywords = {proceedings-crh}
    }

@proceedings{Farge4011-1991,
    editor = {Farge, Arlette and N.-Z. Davis},
    editortype = {dir.},
    title = {Histoire des Femmes, XVIe-XVIIIe siècles},
    booktitle = {Histoire des Femmes, XVIe-XVIIIe siècles},
    publisher = {Plon},
    location = {Paris},
    year = 1991,
    pagetotal = {},
    language = {français},
    keywords = {proceedings-crh}
    }

@proceedings{Fauve4015-1990,
    editor = {Fauve-Chamoux, Antoinette},
    editortype = {dir.},
    title = {The Role of the State and Public Opinion in Sexual Attitudes and Demographic Behaviour},
    booktitle = {The Role of the State and Public Opinion in Sexual Attitudes and Demographic Behaviour},
    publisher = {CIDH},
    location = {Paris},
    year = 1990,
    pagetotal = {},
    language = {anglais},
    keywords = {proceedings-crh}
    }

@proceedings{Fauve4016-1990,
    editor = {Fauve-Chamoux, Antoinette},
    editortype = {dir.},
    title = {Long distance migrations (1500-1900)},
    booktitle = {Long distance migrations (1500-1900)},
    publisher = {CIDH},
    location = {},
    year = 1990,
    pagetotal = {},
    language = {français},
    keywords = {proceedings-crh}
    }

@proceedings{Fontanon4045-1990,
    editor = {Fontanon, Claudine and G.-N. de Ficquelmont and O. Blin},
    editortype = {dir.},
    title = {Le guide du patrimoine industriel, scientifique et technique},
    booktitle = {Le guide du patrimoine industriel, scientifique et technique},
    publisher = {},
    location = {Paris},
    year = 1990,
    pagetotal = {},
    language = {français},
    keywords = {proceedings-crh}
    }

@proceedings{Fridenson4067-1992,
    editor = {Fridenson, Patrick},
    editortype = {dir.},
    title = {The French Home Front 1914-1918},
    booktitle = {The French Home Front 1914-1918},
    publisher = {},
    location = {Providence-Oxford},
    year = 1992,
    pagetotal = {},
    language = {anglais},
    keywords = {proceedings-crh}
    }

@proceedings{Goy4118-1990,
    editor = {Goy, Joseph and G. Bouchard},
    editortype = {dir.},
    title = {Famille, économie et société rurale en contexte d'urbanisation (17e-20e siècles)},
    booktitle = {Famille, économie et société rurale en contexte d'urbanisation (17e-20e siècles)},
    publisher = {},
    location = {Chicoutimi-Paris},
    year = 1990,
    pagetotal = {},
    language = {français},
    keywords = {proceedings-crh}
    }

@proceedings{Jeannin4188-1990,
    editor = {Jeannin, Pierre and J. Hoock},
    editortype = {dir.},
    title = {Ars Mercatoria, Manuels et traités à l'usage des marchands, 1470-1820},
    booktitle = {Ars Mercatoria, Manuels et traités à l'usage des marchands, 1470-1820},
    publisher = {},
    location = {Paderborn},
    year = 1990,
    pagetotal = {},
    language = {français},
    keywords = {proceedings-crh}
    }

@proceedings{Jeannin4194-1993,
    editor = {Jeannin, Pierre and J. Hoock},
    editortype = {dir.},
    title = {Ars Mercatoria, Manuels et traités à l'usage des marchands, 1470-1820},
    booktitle = {Ars Mercatoria, Manuels et traités à l'usage des marchands, 1470-1820},
    publisher = {},
    location = {Paderborn},
    year = 1993,
    pagetotal = {},
    language = {français},
    keywords = {proceedings-crh}
    }

@proceedings{Jorland4198-1992,
    editor = {Jorland, Gérard},
    editortype = {dir.},
    title = {Des technologies pour demain},
    booktitle = {Des technologies pour demain},
    publisher = {},
    location = {Paris},
    year = 1992,
    pagetotal = {},
    language = {français},
    keywords = {proceedings-crh}
    }

@proceedings{Julliard4228-1990,
    editor = {Julliard, Jacques},
    editortype = {dir.},
    title = {Histoire de la France},
    booktitle = {Histoire de la France},
    publisher = {},
    location = {Paris},
    year = 1990,
    pagetotal = {},
    language = {français},
    keywords = {proceedings-crh}
    }

@proceedings{Klapisch4242-1991,
    editor = {Klapisch-Zuber, Christiane},
    editortype = {dir.},
    title = {Histoire des Femmes en Occident},
    booktitle = {Histoire des Femmes en Occident},
    publisher = {},
    location = {Paris},
    year = 1991,
    pagetotal = {},
    language = {français},
    keywords = {proceedings-crh}
    }

@proceedings{Lemay4305-1991,
    editor = {Lemay, Edna and C. Favre-Lejeune and  M.-L. Netter and J.-L. Ormières and Y. Fauchois,J. Félix,et A. Patrick},
    editortype = {dir.},
    title = {Dictionnaire des constituants, 1789-1791},
    booktitle = {Dictionnaire des constituants, 1789-1791},
    publisher = {Universitas},
    location = {Paris-Oxford},
    year = 1991,
    pagetotal = {},
    language = {français},
    keywords = {proceedings-crh}
    }

@proceedings{Lepetit4333-1993,
    editor = {Lepetit, Bernard and D. Pumain},
    editortype = {dir.},
    title = {Temporalités urbaines},
    booktitle = {Temporalités urbaines},
    publisher = {},
    location = {Paris},
    year = 1993,
    pagetotal = {},
    language = {français},
    keywords = {proceedings-crh}
    }

@proceedings{Mane4353-1991,
    editor = {Mane, Perrine and F. Piponnier and J. Cuisenier and M.-C. Grohens and S. Legrand and A. Margerie and and M. Poulenc},
    editortype = {dir.},
    title = {Mille ans de costume français},
    booktitle = {Mille ans de costume français},
    publisher = {},
    location = {Thionville},
    year = 1991,
    pagetotal = {},
    language = {français},
    keywords = {proceedings-crh}
    }

@proceedings{Ozouf4387-1991,
    editor = {Ozouf, Mona and F. Furet},
    editortype = {dir.},
    title = {La Gironde et les Girondins},
    booktitle = {La Gironde et les Girondins},
    publisher = {Payot},
    location = {Paris},
    year = 1991,
    pagetotal = {468},
    language = {français},
    keywords = {proceedings-crh}
    }

@proceedings{Piponnier4425-1993,
    editor = {Piponnier, Françoise},
    editortype = {dir.},
    title = {Le château d'Essertines},
    booktitle = {Le château d'Essertines},
    publisher = {},
    location = {Lyon},
    year = 1993,
    pagetotal = {},
    language = {français},
    keywords = {proceedings-crh}
    }

@proceedings{PoloDeBeaulieu4435-1991,
    editor = {Polo De Beaulieu, Marie-Anne and N. Bériou},
    editortype = {dir.},
    title = {Prier au Moyen-Age. Pratiques et expériences de la prière (Ve-XVe siècles)},
    booktitle = {Prier au Moyen-Age. Pratiques et expériences de la prière (Ve-XVe siècles)},
    publisher = {},
    location = {Belgique},
    year = 1991,
    pagetotal = {},
    language = {français},
    keywords = {proceedings-crh}
    }

@proceedings{PoloDeBeaulieu4439-1992,
    editor = {Polo De Beaulieu, Marie-Anne and J. Berlioz},
    editortype = {dir.},
    title = {Les exempla médiévaux. Introduction à la recherche suivi des tables critiques de l'Index exemplorum de F.-C. Tubach},
    booktitle = {Les exempla médiévaux. Introduction à la recherche suivi des tables critiques de l'Index exemplorum de F.-C. Tubach},
    publisher = {},
    location = {Carcassonne},
    year = 1992,
    pagetotal = {},
    language = {français},
    keywords = {proceedings-crh}
    }

@proceedings{Pomian4448-1990,
    editor = {Pomian, Krzysztof},
    editortype = {dir.},
    title = {La querelle du déterminisme},
    booktitle = {La querelle du déterminisme},
    publisher = {},
    location = {Paris},
    year = 1990,
    pagetotal = {},
    language = {français},
    keywords = {proceedings-crh}
    }

@proceedings{Pomian4473-1992,
    editor = {Pomian, Krzysztof and A.-F. Laurens},
    editortype = {dir.},
    title = {L'anticomanie. La collection d'antiquités aux 18e et 19e siècles},
    booktitle = {L'anticomanie. La collection d'antiquités aux 18e et 19e siècles},
    publisher = {},
    location = {Paris},
    year = 1992,
    pagetotal = {},
    language = {français},
    keywords = {proceedings-crh}
    }

@proceedings{Revel4530-1990,
    editor = {Revel, Jacques and A.Burguière},
    editortype = {dir.},
    title = {Histoire de la France},
    booktitle = {Histoire de la France},
    publisher = {Seuil},
    location = {Paris},
    year = 1990,
    pagetotal = {},
    language = {français},
    keywords = {proceedings-crh}
    }

@proceedings{Revel4531-1993,
    editor = {Revel, Jacques and A.Burguière},
    editortype = {dir.},
    title = {Histoire de la France},
    booktitle = {Histoire de la France},
    publisher = {Seuil},
    location = {Paris},
    year = 1993,
    pagetotal = {},
    language = {français},
    keywords = {proceedings-crh}
    }

@proceedings{Rucquoi4541-1991,
    editor = {Rucquoi, Adeline},
    editortype = {dir.},
    title = {Genèse médiévale de l'Espagne Moderne. Du refus à la révolte : les résistances},
    booktitle = {Genèse médiévale de l'Espagne Moderne. Du refus à la révolte : les résistances},
    publisher = {},
    location = {Nice},
    year = 1991,
    pagetotal = {},
    language = {français},
    keywords = {proceedings-crh}
    }

@proceedings{Schnapper4619-1992,
    editor = {Schnapper, Dominique and B. Lewis},
    editortype = {dir.},
    title = {Musulmans en Europe},
    booktitle = {Musulmans en Europe},
    publisher = {},
    location = {Poitiers},
    year = 1992,
    pagetotal = {},
    language = {français},
    keywords = {proceedings-crh}
    }

@proceedings{Seitz4630-1992,
    editor = {Seitz, Frédéric},
    editortype = {dir.},
    title = {L'acier dans la construction},
    booktitle = {L'acier dans la construction},
    publisher = {},
    location = {Paris},
    year = 1992,
    pagetotal = {},
    language = {français},
    keywords = {proceedings-crh}
    }

@proceedings{Valensi4686-1990,
    editor = {Valensi, Lucette and M.-N. Bourguet and N. Wachtel},
    editortype = {dir.},
    title = {Between Memory and History},
    booktitle = {Between Memory and History},
    publisher = {},
    location = {Londres},
    year = 1990,
    pagetotal = {},
    language = {anglais},
    keywords = {proceedings-crh}
    }

@proceedings{Andreau4739-1994,
    editor = {Andreau, Jean and P. Briant and R. Descat},
    editortype = {dir.},
    title = {Les Echanges dans l'Antiquité: le rôle de l'Etat},
    booktitle = {Les Echanges dans l'Antiquité: le rôle de l'Etat},
    publisher = {Musée Archéologique Dépatemental},
    location = {Saint-Bertrand-de-Comminges},
    year = 1994,
    pagetotal = {},
    language = {français},
    keywords = {proceedings-crh}
    }

@proceedings{Aymard4749-1995,
    editor = {Aymard, Maurice and P. Anderson and W. Barberis and P. Bairoch and C. Ginzburg},
    editortype = {dir.},
    title = {Storia d'Europa},
    booktitle = {Storia d'Europa},
    publisher = {},
    location = {},
    year = 1995,
    pagetotal = {},
    language = {italien},
    keywords = {proceedings-crh}
    }

@proceedings{Baschet4751-1994,
    editor = {Baschet, Jérôme},
    editortype = {dir.},
    title = {Bases de données iconographiques des Vidéodisques des manuscrits enluminés de la Bibliothèque Vaticane, I. Fonds de la Reine Christine, II. Fonds urbinate, III. Fonds vatican},
    booktitle = {Bases de données iconographiques des Vidéodisques des manuscrits enluminés de la Bibliothèque Vaticane, I. Fonds de la Reine Christine, II. Fonds urbinate, III. Fonds vatican},
    publisher = {},
    location = {Bibliothèque vaticane-Ecole Française de Rome-E.H.E.S.S.},
    year = 1994,
    pagetotal = {},
    language = {français},
    keywords = {proceedings-crh}
    }

@proceedings{Baschet4758-1996,
    editor = {Baschet, Jérôme and J.-Cl. Schmitt},
    editortype = {dir.},
    title = {L'Image. Fonctions et usages des images dans l'occident médiéval, Cahiers du Léopard d'Or},
    booktitle = {L'Image. Fonctions et usages des images dans l'occident médiéval, Cahiers du Léopard d'Or},
    publisher = {},
    location = {Paris},
    year = 1996,
    pagetotal = {20},
    language = {français},
    keywords = {proceedings-crh}
    }

@proceedings{Benoît4769-1996,
    editor = {Benoît, Serge},
    editortype = {dir.},
    title = {L'Archéologie industrielle en France: "Le Patrimoine industriel, pour quoi faire ?" (numéro hors série)},
    booktitle = {L'Archéologie industrielle en France: "Le Patrimoine industriel, pour quoi faire ?" (numéro hors série)},
    publisher = {},
    location = {},
    year = 1996,
    pagetotal = {},
    language = {français},
    keywords = {proceedings-crh}
    }

@proceedings{Bergeron4776-1996,
    editor = {Bergeron, Louis},
    editortype = {dir.},
    title = {La Révolution des aiguilles. Habiller les Français et les Américains, 19e-20e siècles},
    booktitle = {La Révolution des aiguilles. Habiller les Français et les Américains, 19e-20e siècles},
    publisher = {},
    location = {Paris},
    year = 1996,
    pagetotal = {},
    language = {français},
    keywords = {proceedings-crh}
    }

@proceedings{Berlioz4779-1994,
    editor = {Berlioz, Jacques},
    editortype = {dir.},
    title = {Moines et religieux au Moyen Age},
    booktitle = {Moines et religieux au Moyen Age},
    publisher = {Seuil (collection Points-Histoire)},
    location = {Paris},
    year = 1994,
    pagetotal = {},
    language = {français},
    keywords = {proceedings-crh}
    }

@proceedings{Bruhns4861-1996,
    editor = {Bruhns, Hinnerk and J.-M. David and W. Nippel},
    editortype = {dir.},
    title = {Die späte römische Republik - La fin de la république romaine. Un débat franco-allemand d'histoire et d'historiographie},
    booktitle = {Die späte römische Republik - La fin de la république romaine. Un débat franco-allemand d'histoire et d'historiographie},
    publisher = {Ecole Française de Rome},
    location = {Rome},
    year = 1996,
    pagetotal = {},
    language = {allemand},
    keywords = {proceedings-crh}
    }

@proceedings{Cerutti4879-1995,
    editor = {Cerutti, Simona and R. Descimon and M. Prak},
    editortype = {dir.},
    title = {Cittadinanze},
    booktitle = {Cittadinanze},
    publisher = {},
    location = {},
    year = 1995,
    pagetotal = {},
    language = {italien},
    keywords = {proceedings-crh}
    }

@proceedings{Chapelot4891-1996,
    editor = {Chapelot, Jean and E. Lalou},
    editortype = {dir.},
    title = {Vincennes et la naissance de l'Etat moderne},
    booktitle = {Vincennes et la naissance de l'Etat moderne},
    publisher = {Presses de l'Ecole normale supérieure},
    location = {Paris},
    year = 1996,
    pagetotal = {},
    language = {français},
    keywords = {proceedings-crh}
    }

@proceedings{Chartier4929-1995,
    editor = {Chartier, Roger and G. Cavallo},
    editortype = {dir.},
    title = {Storia della lettura nel mondo Occidentale},
    booktitle = {Storia della lettura nel mondo Occidentale},
    publisher = {Editori Laterza},
    location = {Rome},
    year = 1995,
    pagetotal = {},
    language = {italien},
    keywords = {proceedings-crh}
    }

@proceedings{Chartier4930-1995,
    editor = {Chartier, Roger},
    editortype = {dir.},
    title = {Histoires de la lecture. Un bilan des recherches},
    booktitle = {Histoires de la lecture. Un bilan des recherches},
    publisher = {IMEC Editions et Editions de la Maison des Sciences de l'Homme},
    location = {Paris},
    year = 1995,
    pagetotal = {},
    language = {français},
    keywords = {proceedings-crh}
    }

@proceedings{Chartier4932-1995,
    editor = {Chartier, Roger and P. Ariès and G. Duby},
    editortype = {dir.},
    title = {Istoria vietii private, Vol. V et VI, De la Renastere la Epoca luminilor},
    booktitle = {Istoria vietii private, Vol. V et VI, De la Renastere la Epoca luminilor},
    publisher = {Editura Meridiane},
    location = {Bucarest},
    year = 1995,
    pagetotal = {},
    language = {roumain},
    keywords = {proceedings-crh}
    }

@proceedings{Chartier4956-1996,
    editor = {Chartier, Roger and P. Corsi},
    editortype = {dir.},
    title = {Sciences et langues en Europe},
    booktitle = {Sciences et langues en Europe},
    publisher = {EHESS/Centre Alexandre Koyré},
    location = {Paris},
    year = 1996,
    pagetotal = {},
    language = {français},
    keywords = {proceedings-crh}
    }

@proceedings{Chartier4957-1996,
    editor = {Chartier, Roger and H.-J. Lüsebrink},
    editortype = {dir.},
    title = {Colportage et lecture populaire. Imprimés de large circulation en Europe XVIe-XIXe siècles},
    booktitle = {Colportage et lecture populaire. Imprimés de large circulation en Europe XVIe-XIXe siècles},
    publisher = {IMEC Editions et Editions de la Maison des Sciences de l'Homme},
    location = {Paris},
    year = 1996,
    pagetotal = {},
    language = {français},
    keywords = {proceedings-crh}
    }

@proceedings{Chartier4976-1997,
    editor = {Chartier, Roger and A. Boureau and C. Dauphin},
    editortype = {dir.},
    title = {Correspondence. Models of Letter Writing from the Middle Ages to the Nineteenth Century},
    booktitle = {Correspondence. Models of Letter Writing from the Middle Ages to the Nineteenth Century},
    publisher = {Polity Press},
    location = {Cambridge},
    year = 1997,
    pagetotal = {},
    language = {anglais},
    keywords = {proceedings-crh}
    }

@proceedings{Chartier4978-1997,
    editor = {Chartier, Roger and G. Cavallo},
    editortype = {dir.},
    title = {Histoire de la lecture dans le monde occidental},
    booktitle = {Histoire de la lecture dans le monde occidental},
    publisher = {Seuil},
    location = {Paris},
    year = 1997,
    pagetotal = {},
    language = {français},
    keywords = {proceedings-crh}
    }

@proceedings{Cohen4990-1994,
    editor = {Cohen, Yves and Jacques Tarnero},
    editortype = {dir.},
    title = {Penser la technique},
    booktitle = {Penser la technique},
    publisher = {},
    location = {},
    year = 1994,
    pagetotal = {},
    language = {français},
    keywords = {proceedings-crh}
    }

@proceedings{Cohen4993-1995,
    editor = {Cohen, Yves and R. Baudouï},
    editortype = {dir.},
    title = {Les Chantiers de la paix sociale. 1900-1940},
    booktitle = {Les Chantiers de la paix sociale. 1900-1940},
    publisher = {ENS-Editions Fontenay Saint-Cloud},
    location = {Fontenay-aux-Roses},
    year = 1995,
    pagetotal = {},
    language = {français},
    keywords = {proceedings-crh}
    }

@proceedings{Descimon5072-1996,
    editor = {Descimon, Robert and A. Guerreau and N. Bulst},
    editortype = {dir.},
    title = {L'État ou le roi. Les fondations de la modernité monarchique en France (XIVe-XVIIe siècles)},
    booktitle = {L'État ou le roi. Les fondations de la modernité monarchique en France (XIVe-XVIIe siècles)},
    publisher = {},
    location = {Paris},
    year = 1996,
    pagetotal = {},
    language = {français},
    keywords = {proceedings-crh}
    }

@proceedings{Descimon5074-1997,
    editor = {Descimon, Robert and J-F. Schaub and B. Vincent},
    editortype = {dir.},
    title = {La Figure moderne de l'administrateur},
    booktitle = {La Figure moderne de l'administrateur},
    publisher = {EHESS},
    location = {Paris},
    year = 1997,
    pagetotal = {},
    language = {français},
    keywords = {proceedings-crh}
    }

@proceedings{Fabre5111-1996,
    editor = {Fabre, Pierre-Antoine and A. Boureau},
    editortype = {dir.},
    title = {Pour une histoire comparée des vœux},
    booktitle = {Pour une histoire comparée des vœux},
    publisher = {},
    location = {},
    year = 1996,
    pagetotal = {},
    language = {français},
    keywords = {proceedings-crh}
    }

@proceedings{Farge5123-1995,
    editor = {Farge, Arlette},
    editortype = {dir.},
    title = {Michel Foucault: autour des Dits et Ecrits},
    booktitle = {Michel Foucault: autour des Dits et Ecrits},
    publisher = {},
    location = {},
    year = 1995,
    pagetotal = {},
    language = {français},
    keywords = {proceedings-crh}
    }

@proceedings{Farge5126-1997,
    editor = {Farge, Arlette and C.Dauphin},
    editortype = {dir.},
    title = {De la Violence et des femmes},
    booktitle = {De la Violence et des femmes},
    publisher = {Albin Michel},
    location = {Paris},
    year = 1997,
    pagetotal = {},
    language = {français},
    keywords = {proceedings-crh}
    }

@proceedings{Fontanon5148-1994,
    editor = {Fontanon, Claudine and M. Le Moel and R. Saint-Paul},
    editortype = {dir.},
    title = {Le Conservatoire national des arts et métiers au coeur de Paris},
    booktitle = {Le Conservatoire national des arts et métiers au coeur de Paris},
    publisher = {Délégation à l'action artistique de la Ville de Paris},
    location = {Paris},
    year = 1994,
    pagetotal = {237},
    language = {français},
    keywords = {proceedings-crh}
    }

@proceedings{Fouché5153-1994,
    editor = {Fouché, Nicole},
    editortype = {dir.},
    title = {La présence américaine en France},
    booktitle = {La présence américaine en France},
    publisher = {},
    location = {},
    year = 1994,
    pagetotal = {},
    language = {français},
    keywords = {proceedings-crh}
    }

@proceedings{Fridenson5161-1994,
    editor = {Fridenson, Patrick},
    editortype = {dir.},
    title = {Le recours aux sciences sociales},
    booktitle = {Le recours aux sciences sociales},
    publisher = {},
    location = {},
    year = 1994,
    pagetotal = {},
    language = {français},
    keywords = {proceedings-crh}
    }

@proceedings{Fridenson5171-1996,
    editor = {Fridenson, Patrick},
    editortype = {dir.},
    title = {La société et l'entreprise},
    booktitle = {La société et l'entreprise},
    publisher = {},
    location = {},
    year = 1996,
    pagetotal = {},
    language = {français},
    keywords = {proceedings-crh}
    }

@proceedings{Fridenson5176-1996,
    editor = {Fridenson, Patrick},
    editortype = {dir.},
    title = {Organiser et former},
    booktitle = {Organiser et former},
    publisher = {},
    location = {},
    year = 1996,
    pagetotal = {},
    language = {français},
    keywords = {proceedings-crh}
    }

@proceedings{Giard5188-1995,
    editor = {Giard, Luce},
    editortype = {dir.},
    title = {Les Jésuites à la Renaissance. Système éducatif et production du savoir},
    booktitle = {Les Jésuites à la Renaissance. Système éducatif et production du savoir},
    publisher = {},
    location = {Paris},
    year = 1995,
    pagetotal = {},
    language = {français},
    keywords = {proceedings-crh}
    }

@proceedings{Goldberg5196-1994,
    editor = {Goldberg, Sylvie-Anne},
    editortype = {dir.},
    title = {Histoire juive, histoire des Juifs: d'autres approches},
    booktitle = {Histoire juive, histoire des Juifs: d'autres approches},
    publisher = {},
    location = {},
    year = 1994,
    pagetotal = {},
    language = {français},
    keywords = {proceedings-crh}
    }

@proceedings{Julia5252-1994,
    editor = {Julia, Dominique},
    editortype = {dir.},
    title = {Aux sources de la compétence professionnelle: critères scolaires et classements sociaux dans les carrières intellectuelles en Europe XVII e-XIXe siècles. (numéro spécial dela revue Paedagogica Historica. t. XXX)},
    booktitle = {Aux sources de la compétence professionnelle: critères scolaires et classements sociaux dans les carrières intellectuelles en Europe XVII e-XIXe siècles. (numéro spécial dela revue Paedagogica Historica. t. XXX)},
    publisher = {},
    location = {},
    year = 1994,
    pagetotal = {467},
    language = {français},
    keywords = {proceedings-crh}
    }

@proceedings{Julia5254-1995,
    editor = {Julia, Dominique and J. Boutier},
    editortype = {dir.},
    title = {Passés recomposés. Champs et chantiers de l'histoire},
    booktitle = {Passés recomposés. Champs et chantiers de l'histoire},
    publisher = {Éditions Autrement},
    location = {Paris},
    year = 1995,
    pagetotal = {},
    language = {français},
    keywords = {proceedings-crh}
    }

@proceedings{Julia5257-1996,
    editor = {Julia, Dominique and E. Becchi},
    editortype = {dir.},
    title = {Storia dell'Infanzia, tome 1: Dall Antichità al Seicento},
    booktitle = {Storia dell'Infanzia, tome 1: Dall Antichità al Seicento},
    publisher = {Laterza},
    location = {Rome-Bari},
    year = 1996,
    pagetotal = {419},
    language = {italien},
    keywords = {proceedings-crh}
    }

@proceedings{Julia5263-1996,
    editor = {Julia, Dominique and E. Becchi},
    editortype = {dir.},
    title = {Storia dell'Infanzia, tome 2: Dal Settecento a oggi},
    booktitle = {Storia dell'Infanzia, tome 2: Dal Settecento a oggi},
    publisher = {Laterza},
    location = {Rome-Bari},
    year = 1996,
    pagetotal = {493},
    language = {italien},
    keywords = {proceedings-crh}
    }

@proceedings{Julliard5275-1996,
    editor = {Julliard, Jacques and M. Winock},
    editortype = {dir.},
    title = {Dictionnaire des intellectuels},
    booktitle = {Dictionnaire des intellectuels},
    publisher = {Seuil},
    location = {Paris},
    year = 1996,
    pagetotal = {},
    language = {français},
    keywords = {proceedings-crh}
    }

@proceedings{Klapisch5286-1996,
    editor = {Klapisch-Zuber, Christiane and M. de Giorgio},
    editortype = {dir.},
    title = {Storia delle donne in Italia. Storia del matrimonio},
    booktitle = {Storia delle donne in Italia. Storia del matrimonio},
    publisher = {Laterza},
    location = {Rome-Bari},
    year = 1996,
    pagetotal = {},
    language = {italien},
    keywords = {proceedings-crh}
    }

@proceedings{LeBras5296-1994,
    editor = {Le Bras, Hervé and C. Bonvalet and al.},
    editortype = {dir.},
    title = {Logement, mobilité et populations urbaines},
    booktitle = {Logement, mobilité et populations urbaines},
    publisher = {CNRS},
    location = {Paris},
    year = 1994,
    pagetotal = {},
    language = {français},
    keywords = {proceedings-crh}
    }

@proceedings{LeBras5306-1995,
    editor = {Le Bras, Hervé and E. Malet},
    editortype = {dir.},
    title = {Les Libertés de la ville},
    booktitle = {Les Libertés de la ville},
    publisher = {},
    location = {Paris},
    year = 1995,
    pagetotal = {},
    language = {français},
    keywords = {proceedings-crh}
    }

@proceedings{LeBras5315-1996,
    editor = {Le Bras, Hervé and E. Malet},
    editortype = {dir.},
    title = {Science et démocratie},
    booktitle = {Science et démocratie},
    publisher = {},
    location = {Paris},
    year = 1996,
    pagetotal = {},
    language = {français},
    keywords = {proceedings-crh}
    }

@proceedings{LeBras5316-1996,
    editor = {Le Bras, Hervé and F. Ronsin and E. Zucker},
    editortype = {dir.},
    title = {Population et politique},
    booktitle = {Population et politique},
    publisher = {},
    location = {Dijon},
    year = 1996,
    pagetotal = {},
    language = {français},
    keywords = {proceedings-crh}
    }

@proceedings{Lepetit5327-1996,
    editor = {Lepetit, Bernard and P. Clark},
    editortype = {dir.},
    title = {Capital Cities and Their Hinterlands in Early Modern Europe},
    booktitle = {Capital Cities and Their Hinterlands in Early Modern Europe},
    publisher = {Variorum},
    location = {Aldershot},
    year = 1996,
    pagetotal = {},
    language = {anglais},
    keywords = {proceedings-crh}
    }

@proceedings{Lepetit5328-1995,
    editor = {Lepetit, Bernard and C. Olmo},
    editortype = {dir.},
    title = {La Città e le sue storie},
    booktitle = {La Città e le sue storie},
    publisher = {Einaudi},
    location = {Turin},
    year = 1995,
    pagetotal = {},
    language = {italien},
    keywords = {proceedings-crh}
    }

@proceedings{Lepetit5329-1995,
    editor = {Lepetit, Bernard},
    editortype = {dir.},
    title = {Les Formes de l'expérience. Une autre histoire sociale},
    booktitle = {Les Formes de l'expérience. Une autre histoire sociale},
    publisher = {Albin Michel},
    location = {Paris},
    year = 1995,
    pagetotal = {},
    language = {français},
    keywords = {proceedings-crh}
    }

@proceedings{Mane5347-1995,
    editor = {Mane, Perrine and F. Piponnier},
    editortype = {dir.},
    title = {Se vêtir au Moyen Age},
    booktitle = {Se vêtir au Moyen Age},
    publisher = {Adam Biro},
    location = {Paris},
    year = 1995,
    pagetotal = {},
    language = {français},
    keywords = {proceedings-crh}
    }

@proceedings{Piponnier5420-1995,
    editor = {Piponnier, Françoise and P. Mane},
    editortype = {dir.},
    title = {Se vêtir au Moyen Âge},
    booktitle = {Se vêtir au Moyen Âge},
    publisher = {éd. Adam Biro},
    location = {Paris},
    year = 1995,
    pagetotal = {},
    language = {français},
    keywords = {proceedings-crh}
    }

@proceedings{Prochasson5469-1994,
    editor = {Prochasson, Christophe and L. Gervereau},
    editortype = {dir.},
    title = {L'Affaire Dreyfus et le tournant du siècle},
    booktitle = {L'Affaire Dreyfus et le tournant du siècle},
    publisher = {Editions de la B.D.I.C.},
    location = {Nanterre},
    year = 1994,
    pagetotal = {},
    language = {français},
    keywords = {proceedings-crh}
    }

@proceedings{Prochasson5477-1996,
    editor = {Prochasson, Christophe and J. Julliard and P. Balmand,et M. Winock},
    editortype = {dir.},
    title = {Dictionnaire des intellectuels. Les personnes, les lieux, les moments},
    booktitle = {Dictionnaire des intellectuels. Les personnes, les lieux, les moments},
    publisher = {Seuil},
    location = {Paris},
    year = 1996,
    pagetotal = {},
    language = {français},
    keywords = {proceedings-crh}
    }

@proceedings{Revel5484-1996,
    editor = {Revel, Jacques and L. Hunt},
    editortype = {dir.},
    title = {Histories},
    booktitle = {Histories},
    publisher = {The New Press},
    location = {New York},
    year = 1996,
    pagetotal = {},
    language = {anglais},
    keywords = {proceedings-crh}
    }

@proceedings{Revel5485-1996,
    editor = {Revel, Jacques},
    editortype = {dir.},
    title = {Jeux d'échelles. La micro-analyse à l'expérience},
    booktitle = {Jeux d'échelles. La micro-analyse à l'expérience},
    publisher = {Seuil-Gallimard},
    location = {Paris},
    year = 1996,
    pagetotal = {},
    language = {français},
    keywords = {proceedings-crh}
    }

@proceedings{Revel5487-1996,
    editor = {Revel, Jacques and N. Wachtel},
    editortype = {dir.},
    title = {Une École pour les sciences sociales. De la VIe section à l'Ecole des Hautes Etudes en Sciences Sociale},
    booktitle = {Une École pour les sciences sociales. De la VIe section à l'Ecole des Hautes Etudes en Sciences Sociale},
    publisher = {Cerf},
    location = {Paris},
    year = 1996,
    pagetotal = {},
    language = {français},
    keywords = {proceedings-crh}
    }

@proceedings{Rucquoi5496-1995,
    editor = {Rucquoi, Adeline and N. Guglielmi},
    editortype = {dir.},
    title = {Le discours politique au Moyen Age},
    booktitle = {Le discours politique au Moyen Age},
    publisher = {PRIMED-CONICET-CNRS},
    location = {Buenos Aires},
    year = 1995,
    pagetotal = {},
    language = {français},
    keywords = {proceedings-crh}
    }

@proceedings{Schaub5505-1997,
    editor = {Schaub, Jean-Frédéric and R. Descimon and B. Vincent},
    editortype = {dir.},
    title = {La figure moderne de l'administrateur},
    booktitle = {La figure moderne de l'administrateur},
    publisher = {EHESS},
    location = {Paris},
    year = 1997,
    pagetotal = {},
    language = {français},
    keywords = {proceedings-crh}
    }

@proceedings{Schmitt5532-1996,
    editor = {Schmitt, Jean-Claude and J. Baschet},
    editortype = {dir.},
    title = {L'image. Fonctions et usages des images dans l'occident médiéval},
    booktitle = {L'image. Fonctions et usages des images dans l'occident médiéval},
    publisher = {Le Léopard d'Or},
    location = {Paris},
    year = 1996,
    pagetotal = {312},
    language = {français},
    keywords = {proceedings-crh}
    }

@proceedings{Schmitt5533-1994,
    editor = {Schmitt, Jean-Claude and Giovanni Levi},
    editortype = {dir.},
    title = {Storia dei Giovanni},
    booktitle = {Storia dei Giovanni},
    publisher = {Editori Laterza},
    location = {Rome-Bari},
    year = 1994,
    pagetotal = {},
    language = {italien},
    keywords = {proceedings-crh}
    }

@proceedings{Seitz5562-1994,
    editor = {Seitz, Frédéric},
    editortype = {dir.},
    title = {Architecture et métal en France, 19e-20e siècles},
    booktitle = {Architecture et métal en France, 19e-20e siècles},
    publisher = {EHESS},
    location = {Paris},
    year = 1994,
    pagetotal = {},
    language = {français},
    keywords = {proceedings-crh}
    }

@proceedings{Vincent5611-1995,
    editor = {Vincent, Bernard and J. Béranger and J.-M. Bizière},
    editortype = {dir.},
    title = {Dictionnaire des biographies, tome IV, Le Monde moderne (vers 1480-1815)},
    booktitle = {Dictionnaire des biographies, tome IV, Le Monde moderne (vers 1480-1815)},
    publisher = {Armand Colin},
    location = {Paris},
    year = 1995,
    pagetotal = {},
    language = {français},
    keywords = {proceedings-crh}
    }

@proceedings{Vincent5612-1995,
    editor = {Vincent, Bernard and M. Barrios Aguilera},
    editortype = {dir.},
    title = {Granada 1492-1992},
    booktitle = {Granada 1492-1992},
    publisher = {},
    location = {Grenade},
    year = 1995,
    pagetotal = {},
    language = {espagnol},
    keywords = {proceedings-crh}
    }

@proceedings{Goy5631-1972,
    editor = {Goy, Joseph and E.Le Roy Ladurie},
    editortype = {dir.},
    title = {Les fluctuations du produit de la dîme. Conjoncture décimale et domaniale de la fin du Moyen Age au XVIIIe siècle},
    booktitle = {Les fluctuations du produit de la dîme. Conjoncture décimale et domaniale de la fin du Moyen Age au XVIIIe siècle},
    publisher = {Mouton},
    location = {Paris},
    year = 1972,
    pagetotal = {},
    language = {français},
    keywords = {proceedings-crh}
    }

@proceedings{LeRoyLadurie5632-1972,
    editor = {Le Roy Ladurie, Emmanuel and J.Goy},
    editortype = {dir.},
    title = {Les fluctuations du produit de la dîme. Conjoncture décimale et domaniale de la fin du Moyen Age au XVIIIe siècle},
    booktitle = {Les fluctuations du produit de la dîme. Conjoncture décimale et domaniale de la fin du Moyen Age au XVIIIe siècle},
    publisher = {Mouton},
    location = {Paris},
    year = 1972,
    pagetotal = {},
    language = {français},
    keywords = {proceedings-crh}
    }

@proceedings{Pesez5640-1985,
    editor = {Pesez, Jean-Marie},
    editortype = {dir.},
    title = {Brucato. Histoire et archéologie d'un habitat médiéval en Sicile},
    booktitle = {Brucato. Histoire et archéologie d'un habitat médiéval en Sicile},
    publisher = {Ecole française de Rome},
    location = {Rome},
    year = 1985,
    pagetotal = {815},
    language = {français},
    keywords = {proceedings-crh}
    }

@proceedings{Benoît5643-1985,
    editor = {Benoît, Pierre and Odette Chapelot},
    editortype = {dir.},
    title = {Pierre et métal dans le bâtiment au Moyen Age},
    booktitle = {Pierre et métal dans le bâtiment au Moyen Age},
    publisher = {CNRS},
    location = {Paris},
    year = 1985,
    pagetotal = {},
    language = {français},
    keywords = {proceedings-crh}
    }

