@incollection{Tenenti1724-1979,
    author = {Tenenti, Alberto},
    editor = {},
    title = {introduction},
    booktitle = {Storia della civiltà veneziana},
    publisher = {},
    location = {Florence},
    year = 1979,
    pagetotal = {5},
    language = {italien},
    keywords = {intro-preface-crh}
    }

@incollection{Fauve2261-1984,
    author = {Fauve-Chamoux, Antoinette},
    editor = {A. Fauve-Chamoux},
    title = {Introduction},
    booktitle = {Malthus hier et aujourd'hui, Actes du congrès international de démographie historique},
    publisher = {CNRS},
    location = {Paris},
    year = 1984,
    pagetotal = {10},
    language = {français},
    keywords = {intro-preface-crh}
    }

@incollection{Guillou2345-1983,
    author = {Guillou, André},
    editor = {},
    title = {Introduzione},
    booktitle = {Fiorentino. Scavi},
    publisher = {},
    location = {Bari},
    year = 1983,
    pagetotal = {2},
    language = {italien},
    keywords = {intro-preface-crh}
    }

@incollection{Chartier2905-1989,
    author = {Chartier, Roger},
    editor = {R.Chartier},
    title = {General Introduction : Print Culture},
    booktitle = {The culture of print. Power and the uses of print in early modern Europe, 15th-19th centuries},
    publisher = {Polity press},
    location = {Cambridge},
    year = 1989,
    pagetotal = {10},
    language = {anglais},
    keywords = {intro-preface-crh}
    }

@incollection{Guillou3155-1986,
    author = {Guillou, André},
    editor = {A. Guillou},
    title = {Avant-propos et introduction},
    booktitle = {Les outils dans les Balkans du Moyen Age à nos jours},
    publisher = {},
    location = {Paris},
    year = 1986,
    pagetotal = {15},
    language = {français},
    keywords = {intro-preface-crh}
    }

@incollection{Chartier4977-1997,
    author = {Chartier, Roger},
    editor = {},
    title = {Introduction: An ordinary kind of writing. Model letters and letter writing en Ancien Régime France},
    booktitle = {Correspondence. Models of Letter Writing from the Middle Ages to the Nineteenth Century},
    publisher = {Polity Press},
    location = {Cambridge},
    year = 1997,
    pagetotal = {23},
    language = {anglais},
    keywords = {intro-preface-crh}
    }

@incollection{Green5220-1995,
    author = {Green, Nancy},
    editor = {J. Brody},
    title = {Avant-propos},
    booktitle = {Rue des Rosiers: Une manière d'être juif},
    publisher = {Autrement},
    location = {Paris},
    year = 1995,
    pagetotal = {4},
    language = {français},
    keywords = {intro-preface-crh}
    }

@incollection{Klapisch5281-1996,
    author = {Klapisch-Zuber, Christiane and M. de Giorgio},
    editor = {},
    title = {introduzione},
    booktitle = {Storia del matrimonio},
    publisher = {Laterza},
    location = {Rome-Bari},
    year = 1996,
    pagetotal = {14},
    language = {italien},
    keywords = {intro-preface-crh}
    }

@incollection{Vincent5614-1996,
    author = {Vincent, Bernard},
    editor = {J.-P. Duviols and A. Molinié-Bertrand},
    title = {Présentation},
    booktitle = {Enfers et damnations dans le monde hispanique et hispano-américain},
    publisher = {},
    location = {Paris},
    year = 1996,
    pagetotal = {7},
    language = {français},
    keywords = {intro-preface-crh}
    }

@incollection{Boureau686-1995,
    author = {Boureau, Alain},
    editor = {?},
    title = {Conclusion},
    booktitle = {Le Crisi dell'allchimia. Micrologu. Natura, scienze e società medievali},
    publisher = {},
    location = {},
    year = 1995,
    pagetotal = {7},
    language = {français},
    keywords = {intro-book-crh}
    }

@incollection{Schmitt2632-1983,
    author = {Schmitt, Jean-Claude},
    editor = {J.-Cl. Schmitt},
    title = {Introduction and General Bibliography},
    booktitle = {Gestures, history and anthropology},
    publisher = {},
    location = {},
    year = 1983,
    pagetotal = {23},
    language = {anglais},
    keywords = {intro-book-crh}
    }

@incollection{Bardet2752-1986,
    author = {Bardet, Jean-Pierre},
    editor = {J.-P. Bardet and P. Bourdelais and A.},
    title = {Conclusion},
    booktitle = {Peurs et Terreurs face à la Contagion},
    publisher = {Fayard},
    location = {Paris},
    year = 1986,
    pagetotal = {16},
    language = {français},
    keywords = {intro-book-crh}
    }

@incollection{Chartier2914-1989,
    author = {Chartier, Roger and D. Roche},
    editor = {},
    title = {Introduction : Les livres ont-ils fait la Révolution ?},
    booktitle = {Actes du colloque Livre et Révolution, Bibliothèque nationale 1987},
    publisher = {Aux amateurs de livres},
    location = {Paris},
    year = 1989,
    pagetotal = {12},
    language = {français},
    keywords = {intro-book-crh}
    }

@incollection{Fauve3023-1987,
    author = {Fauve-Chamoux, Antoinette},
    editor = {A.Fauve-Chamoux},
    title = {introduction},
    booktitle = {Colloque Evolution agraire et croissance démographique},
    publisher = {Derouaux-Ordina},
    location = {Liège},
    year = 1987,
    pagetotal = {12},
    language = {français},
    keywords = {intro-book-crh}
    }

@incollection{Pesez4413-1992,
    author = {Pesez, Jean-Marie},
    editor = {J.-M. Poisson},
    title = {Conclusion},
    booktitle = {Le Château médiéval, forteresse habitée (XIe-XVIe siècles)},
    publisher = {},
    location = {},
    year = 1992,
    pagetotal = {3},
    language = {français},
    keywords = {intro-book-crh}
    }

@incollection{Schnapper4620-1993,
    author = {Schnapper, Dominique},
    editor = {B.Lewis and D.Schnapper},
    title = {Conclusion : communautés, minorités ethniques et citoyens musulmans},
    booktitle = {Musulmans en Europe},
    publisher = {},
    location = {Poitiers},
    year = 1993,
    pagetotal = {19},
    language = {français},
    keywords = {intro-book-crh}
    }

@incollection{Chartier4931-1995,
    author = {Chartier, Roger},
    editor = {R.Chartier},
    title = {présentation},
    booktitle = {Histoires de la lecture. Un bilan des recherches},
    publisher = {MSH},
    location = {Paris},
    year = 1995,
    pagetotal = {6},
    language = {français},
    keywords = {intro-book-crh}
    }

@incollection{Chartier4958-1997,
    author = {Chartier, Roger},
    editor = {R.Chartier and H.J.Lüsebrink},
    title = {Introduction : Librairie de colportage et lecteurs 'populaires'},
    booktitle = {Colportage et lecture populaire. Imprimés de large circulation en Europe XVIe-XIXe siècles},
    publisher = {IMEC et MSH},
    location = {Paris},
    year = 1997,
    pagetotal = {8},
    language = {français},
    keywords = {intro-book-crh}
    }

@incollection{Goy5213-1992,
    author = {Goy, Joseph},
    editor = {R. Bonnain and G. Bouchard and J. Goy},
    title = {conclusion},
    booktitle = {Transmettre, hériter, succéder: la reproduction familiale en milieu rural. France et Québec 18e 20e siècle,},
    publisher = {},
    location = {},
    year = 1992,
    pagetotal = {},
    language = {français},
    keywords = {intro-book-crh}
    }

@incollection{Julia5262-1996,
    author = {Julia, Dominique and E. Becchi},
    editor = {D.Julia and E.Becchi},
    title = {introduction},
    booktitle = {Storia dell'Infanzia},
    publisher = {Laterza},
    location = {Rome-Bari},
    year = 1996,
    pagetotal = {1},
    language = {italien},
    keywords = {intro-book-crh}
    }

@incollection{Klapisch5287-1997,
    author = {Klapisch-Zuber, Christiane},
    editor = {M.De Giorgio and C.Klapisch},
    title = {Introduzione},
    booktitle = {Storia delle donne in Italia. Storia del matrimonio},
    publisher = {},
    location = {},
    year = 1997,
    pagetotal = {1},
    language = {italien},
    keywords = {intro-book-crh}
    }

@incollection{Poublan5461-1996,
    author = {Poublan, Danièle},
    editor = {P. Lebrun-Pèzerat and D. Poublan},
    title = {Introduction},
    booktitle = {La Lettre et le politique, Actes du colloque de Calais 17-19 septembre 1993,},
    publisher = {Champion},
    location = {Paris},
    year = 1996,
    pagetotal = {14},
    language = {français},
    keywords = {intro-book-crh}
    }

@article{Klapisch970-1973,
    author = {Klapisch-Zuber, Christiane},
    title = {Introduction du numéro Enfant et société},
    journal = {Annales de démographie historique},
    year = 1973,
    language = {français},
    keywords = {intro-journal-crh}
    }

@article{Antoniadis1253-1974,
    author = {Antoniadis-Bibicou, Hélène},
    title = {présentation:Féodalisme à Byzance : problèmes du mode de production de l'Empire byzantin},
    journal = {Recherches Internationales à la Lumière du Marxisme},
    year = 1974,
    language = {français},
    keywords = {intro-journal-crh}
    }

@article{Burguiere1273-1974,
    author = {Burguiere, André},
    title = {Introduction au numéro spécial: Histoire et sexualité},
    journal = {Annales E.S.C.},
    year = 1974,
    language = {français},
    keywords = {intro-journal-crh}
    }

@article{Fauve1283-1973,
    author = {Fauve-Chamoux, Antoinette},
    title = {présentation et commentaires de documents},
    journal = {Annales de Démographie Historique,},
    year = 1973,
    language = {français},
    keywords = {intro-journal-crh}
    }

@article{Schnapper1449-1977,
    author = {Schnapper, Dominique},
    title = {Présentation},
    journal = {Ethnologie française},
    year = 1977,
    language = {français},
    keywords = {intro-journal-crh}
    }

@article{Schnapper1707-1978,
    author = {Schnapper, Dominique},
    title = {présentation au numéro spécial: Travailleurs émigrés},
    journal = {Ethnologie française},
    year = 1978,
    language = {français},
    keywords = {intro-journal-crh}
    }

@article{Wachtel1729-1978,
    author = {Wachtel, Nathan and J.Murra},
    title = {Présentation: Anthropologie historique des sociétés andines},
    journal = {Annales E.S.C.},
    year = 1978,
    language = {français},
    keywords = {intro-journal-crh}
    }

@article{Klapisch1932-1981,
    author = {Klapisch-Zuber, Christiane},
    title = {présentation},
    journal = {Le médiéviste et l'ordinateur},
    year = 1981,
    language = {français},
    keywords = {intro-journal-crh}
    }

@article{Ferro2267-1982,
    author = {Ferro, Marc},
    title = {présentation, Affiches et imageries russes, 1914-1921},
    journal = {BDIC},
    year = 1982,
    language = {français},
    keywords = {intro-journal-crh}
    }

@article{Julliard2397-1983,
    author = {Julliard, Jacques},
    title = {Présentation},
    journal = {Cahiers Georges Sorel},
    year = 1983,
    language = {français},
    keywords = {intro-journal-crh}
    }

@article{Nahoum2474-1982,
    author = {Nahoum-Grappe, Véronique},
    title = {Introduction à une problématique de la violence},
    journal = {Pénélope},
    year = 1982,
    language = {français},
    keywords = {intro-journal-crh}
    }

@article{Pezerat2516-1984,
    author = {Pezerat, Pierrette and C. Dauphin},
    title = {Introduction: Femmes au bureau},
    journal = {Pénélope},
    year = 1984,
    language = {français},
    keywords = {intro-journal-crh}
    }

@article{Valensi2680-1982,
    author = {Valensi, Lucette},
    title = {Présentation du numéro spécial sur l'histoire ancienne: Le document, éléments critiques},
    journal = {Annales E.S.C},
    year = 1982,
    language = {français},
    keywords = {intro-journal-crh}
    }

@article{Brabant2832-1986,
    author = {Brabant, Eva},
    title = {Introduction: L'ami des fous},
    journal = {Le Coq Héron},
    issuetitle = {Mes adieux à la Maison Jaune,},
    year = 1986,
    language = {français},
    keywords = {intro-journal-crh}
    }

@article{Froeschle3089-1989,
    author = {Froeschle-Chopard, Marie-Hélène},
    title = {Introduction. Confréries et dévotions à l'épreuve de la Révolution},
    journal = {Provence Historique},
    year = 1989,
    language = {français},
    keywords = {intro-journal-crh}
    }

@article{Pestre3392-1989,
    author = {Pestre, Dominique},
    title = {En guise d'introduction : quelques commentaires sur les 'témoignages oraux'},
    journal = {Cahiers pour l'histoire du CERN 1939-1989},
    year = 1989,
    language = {français},
    keywords = {intro-journal-crh}
    }

@article{Valensi3590-1986,
    author = {Valensi, Lucette},
    title = {Présentation},
    journal = {Annales E.S.C. Sociétés plurielles},
    year = 1986,
    language = {français},
    keywords = {intro-journal-crh}
    }

@article{Revel4533-1993,
    author = {Revel, Jacques and P.-M. Menger},
    title = {Présentation},
    journal = {Annales E.S.C.},
    year = 1993,
    language = {français},
    keywords = {intro-journal-crh}
    }

@article{Revel4534-1993,
    author = {Revel, Jacques and P.-M. Menger},
    title = {Mondes de l'art},
    journal = {Annales E.S.C.},
    year = 1993,
    language = {français},
    keywords = {intro-journal-crh}
    }

@article{Andreau4744-1995,
    author = {Andreau, Jean},
    title = {Présentation du dossier: Vingt ans après L'Economie antique de Moses I. Finley},
    journal = {Annales. Histoire, Sciences Sociales},
    year = 1995,
    language = {français},
    keywords = {intro-journal-crh}
    }

@article{Béaur4763-1996,
    author = {Béaur, Gérard},
    title = {Introduction au numéro: Prix, production, productivité agricoles},
    journal = {Histoire et Mesure},
    year = 1996,
    language = {français},
    keywords = {intro-journal-crh}
    }

@article{Carrié4871-1994,
    author = {Carrié, Jean-Michel},
    title = {Avant-propos. Il y a dix-sept siècles, la Tétrarchie …},
    journal = {Antiquité Tardive},
    year = 1994,
    language = {français},
    keywords = {intro-journal-crh}
    }

@article{Cerutti4878-1995,
    author = {Cerutti, Simona and R. Descimon and M. Prak},
    title = {Introduction et co-édition: Cittadinanze},
    journal = {Quaderni Storici,},
    year = 1995,
    language = {italien},
    keywords = {intro-journal-crh}
    }

@article{Jouhaud5249-1994,
    author = {Jouhaud, Christian},
    title = {présentation du dossier littérature et histoire},
    journal = {Annales. Histoire, Sciences Sociales},
    year = 1994,
    language = {français},
    keywords = {intro-journal-crh}
    }

@article{Pesez5417-1996,
    author = {Pesez, Jean-Marie},
    title = {Avant-propos},
    journal = {Ruralia,},
    year = 1996,
    language = {français},
    keywords = {intro-journal-crh}
    }

@article{Sigaut5579-1996,
    author = {Sigaut, François},
    title = {Introduction au thème},
    journal = {L'Archéologie industrielle},
    year = 1996,
    language = {français},
    keywords = {intro-journal-crh}
    }

@article{Stella5586-1996,
    author = {Stella, Alessandro},
    title = {Introduction: Les dépendances au travail},
    journal = {Médiévales},
    year = 1996,
    language = {français},
    keywords = {intro-journal-crh}
    }

