@inreference{Pomian68-1978,
    author = {Pomian, Krzysztof},
    editor = {J.Le Goff and R.Chartier and J.Revel},
    title = {temporalité historique/temps},
    booktitle = {La nouvelle histoire},
    publisher = {Retz},
    series = {},
    location = {Paris},
    year = 1978,
    pagetotal = {3},
    language = {français},
    keywords = {dict-crh, crh-1978}
    }

@inreference{Pomian73-1978,
    author = {Pomian, Krzysztof},
    editor = {J.Le Goff and R.Chartier and J.Revel},
    title = {Cycle},
    booktitle = {La nouvelle histoire},
    publisher = {Retz},
    series = {},
    location = {Paris},
    year = 1978,
    pagetotal = {2},
    language = {français},
    keywords = {dict-crh, crh-1978}
    }

@inreference{Pomian74-1978,
    author = {Pomian, Krzysztof},
    editor = {J.Le Goff and R.Chartier and J.Revel},
    title = {Modèle},
    booktitle = {La nouvelle histoire},
    publisher = {Retz},
    series = {},
    location = {Paris},
    year = 1978,
    pagetotal = {2},
    language = {français},
    keywords = {dict-crh, crh-1978}
    }

@inreference{Pomian75-1978,
    author = {Pomian, Krzysztof},
    editor = {J.Le Goff and R.Chartier and J.Revel},
    title = {Périodisation},
    booktitle = {La nouvelle histoire},
    publisher = {Retz},
    series = {},
    location = {Paris},
    year = 1978,
    pagetotal = {3},
    language = {français},
    keywords = {dict-crh, crh-1978}
    }

@inreference{Pomian77-1978,
    author = {Pomian, Krzysztof},
    editor = {J.Le Goff and R.Chartier and J.Revel},
    title = {Histoire des structures},
    booktitle = {La nouvelle histoire},
    publisher = {Retz},
    series = {},
    location = {Paris},
    year = 1978,
    pagetotal = {26},
    language = {français},
    keywords = {dict-crh, crh-1978}
    }

@inreference{Pomian87-1978,
    author = {Pomian, Krzysztof},
    editor = {J.Le Goff and R.Chartier and J.Revel},
    title = {Histoire des sciences},
    booktitle = {La nouvelle histoire},
    publisher = {Retz},
    series = {},
    location = {Paris},
    year = 1978,
    pagetotal = {4},
    language = {français},
    keywords = {dict-crh, crh-1978}
    }

@inreference{Nora94-1978,
    author = {Nora, Pierre},
    editor = {J.Le Goff and R.Chartier and J.Revel},
    title = {Michelet},
    booktitle = {La nouvelle histoire},
    publisher = {Retz},
    series = {},
    location = {Paris},
    year = 1978,
    pagetotal = {5},
    language = {français},
    keywords = {dict-crh, crh-1978}
    }

@inreference{Nora95-1978,
    author = {Nora, Pierre},
    editor = {J.Le Goff and R.Chartier and J.Revel},
    title = {Présent},
    booktitle = {La nouvelle histoire},
    publisher = {Retz},
    series = {},
    location = {Paris},
    year = 1978,
    pagetotal = {6},
    language = {français},
    keywords = {dict-crh, crh-1978}
    }

@inreference{Pesez103-1978,
    author = {Pesez, Jean-Marie},
    editor = {J.Le Goff and R.Chartier and J.Revel},
    title = {Histoire de la culture matérielle},
    booktitle = {La nouvelle histoire},
    publisher = {Retz},
    series = {},
    location = {Paris},
    year = 1978,
    pagetotal = {33},
    language = {français},
    keywords = {dict-crh, crh-1978}
    }

@inreference{Nora107-1978,
    author = {Nora, Pierre},
    editor = {J.Le Goff and R.Chartier and J.Revel},
    title = {Mémoire collective},
    booktitle = {La nouvelle histoire},
    publisher = {Retz},
    series = {},
    location = {Paris},
    year = 1978,
    pagetotal = {4},
    language = {français},
    keywords = {dict-crh, crh-1978}
    }

@inreference{Schmitt136-1978,
    author = {Schmitt, Jean-Claude},
    editor = {J.Le Goff and R.Chartier and J.Revel},
    title = {Histoire des marginaux},
    booktitle = {La nouvelle histoire},
    publisher = {Retz},
    series = {},
    location = {Paris},
    year = 1978,
    pagetotal = {26},
    language = {français},
    keywords = {dict-crh, crh-1978}
    }

@inreference{Schmitt138-1978,
    author = {Schmitt, Jean-Claude},
    editor = {J.Le Goff and R.Chartier and J.Revel},
    title = {Marc Bloch},
    booktitle = {La nouvelle histoire},
    publisher = {Retz},
    series = {},
    location = {Paris},
    year = 1978,
    pagetotal = {4},
    language = {français},
    keywords = {dict-crh, crh-1978}
    }

@inreference{Schmitt148-1978,
    author = {Schmitt, Jean-Claude},
    editor = {J.Le Goff and R.Chartier and J.Revel},
    title = {Gestes},
    booktitle = {La nouvelle histoire},
    publisher = {Retz},
    series = {},
    location = {Paris},
    year = 1978,
    pagetotal = {2},
    language = {français},
    keywords = {dict-crh, crh-1978}
    }

@inreference{Julia151-1978,
    author = {Julia, Dominique},
    editor = {J.Le Goff and R.Chartier and J.Revel},
    title = {Enseignement de l'histoire},
    booktitle = {La nouvelle histoire},
    publisher = {Retz},
    series = {},
    location = {Paris},
    year = 1978,
    pagetotal = {6},
    language = {français},
    keywords = {dict-crh, crh-1978}
    }

@inreference{Julia152-1978,
    author = {Julia, Dominique},
    editor = {J.Le Goff and R.Chartier and J.Revel},
    title = {Religion},
    booktitle = {La nouvelle histoire},
    publisher = {Retz},
    series = {},
    location = {Paris},
    year = 1978,
    pagetotal = {6},
    language = {français},
    keywords = {dict-crh, crh-1978}
    }

@inreference{Goy173-1978,
    author = {Goy, Joseph},
    editor = {J.Le Goff and R.Chartier and J.Revel},
    title = {Histoire orale},
    booktitle = {La nouvelle histoire},
    publisher = {Retz},
    series = {},
    location = {Paris},
    year = 1978,
    pagetotal = {3},
    language = {français},
    keywords = {dict-crh, crh-1978}
    }

@inreference{Goy174-1978,
    author = {Goy, Joseph},
    editor = {J.Le Goff and R.Chartier and J.Revel},
    title = {Histoire rurale},
    booktitle = {La nouvelle histoire},
    publisher = {Retz},
    series = {},
    location = {Paris},
    year = 1978,
    pagetotal = {5},
    language = {français},
    keywords = {dict-crh, crh-1978}
    }

@inreference{Pomian398-1982,
    author = {Pomian, Krzysztof},
    editor = {},
    title = {Memoria},
    booktitle = {Enciclopedia Einaudi},
    publisher = {Einaudi},
    series = {},
    location = {Turin},
    year = 1982,
    pagetotal = {9},
    language = {italien},
    keywords = {dict-crh, crh-1982}
    }

@inreference{Favre871-1991,
    author = {Favre-Lejeune, Christine and M.-L. Netter and J.-L. Ormières and Y. Fauchois and J. Félix,},
    editor = {E. Lemay},
    title = {Dictionnaire des Constituants},
    booktitle = {Dictionnaire des Constituants},
    publisher = {Universitas},
    series = {Librairie du bicentenaire de la Révolution française},
    location = {Paris-Oxford},
    year = 1991,
    pagetotal = {},
    language = {français},
    keywords = {dict-crh, crh-1991}
    }

@inreference{Ormieres880-1991,
    author = {Ormieres, Jean-Louis and C. Favre-Lejeune and M.-L. Netter and Y. Fauchois,J. Félix,et A. Patrick},
    editor = {E. Lemay},
    title = {Dictionnaire des constituants},
    booktitle = {Dictionnaire des constituants},
    publisher = {Universitas},
    series = {Librairie du bicentenaire de la Révolution française},
    location = {Paris-Oxford},
    year = 1991,
    pagetotal = {},
    language = {français},
    keywords = {dict-crh, crh-1991}
    }

@inreference{Hemardinquer924-1967,
    author = {Hemardinquer, Jean-Jacques},
    editor = {},
    title = {Articles' Dorne'},
    booktitle = {Dictionnaire de biographie française},
    publisher = {P. LETOUZEY et ANE},
    series = {},
    location = {},
    year = 1967,
    pagetotal = {},
    language = {français},
    keywords = {dict-crh, crh-1967}
    }

@inreference{Hemardinquer932-1965,
    author = {Hemardinquer, Jean-Jacques},
    editor = {},
    title = {Dechazelle},
    booktitle = {Dictionnaire de biographie française},
    publisher = {P. LETOUZEY et ANE},
    series = {},
    location = {},
    year = 1965,
    pagetotal = {},
    language = {français},
    keywords = {dict-crh, crh-1965}
    }

@inreference{Hemardinquer933-1965,
    author = {Hemardinquer, Jean-Jacques},
    editor = {},
    title = {Delahante},
    booktitle = {Dictionnaire de biographie française},
    publisher = {P. LETOUZEY et ANE},
    series = {},
    location = {},
    year = 1965,
    pagetotal = {},
    language = {français},
    keywords = {dict-crh, crh-1965}
    }

@inreference{Hemardinquer934-1965,
    author = {Hemardinquer, Jean-Jacques},
    editor = {},
    title = {Delandine de Saint-Esprit},
    booktitle = {Dictionnaire de biographie française},
    publisher = {P. LETOUZEY et ANE},
    series = {},
    location = {},
    year = 1965,
    pagetotal = {},
    language = {français},
    keywords = {dict-crh, crh-1965}
    }

@inreference{Hemardinquer935-1965,
    author = {Hemardinquer, Jean-Jacques},
    editor = {},
    title = {Després},
    booktitle = {Dictionnaire de biographie française},
    publisher = {P. LETOUZEY et ANE},
    series = {},
    location = {},
    year = 1965,
    pagetotal = {},
    language = {français},
    keywords = {dict-crh, crh-1965}
    }

@inreference{Hemardinquer936-1965,
    author = {Hemardinquer, Jean-Jacques},
    editor = {},
    title = {J.-B.-D. Desprez},
    booktitle = {Dictionnaire de biographie française},
    publisher = {P. LETOUZEY et ANE},
    series = {},
    location = {},
    year = 1965,
    pagetotal = {},
    language = {français},
    keywords = {dict-crh, crh-1965}
    }

@inreference{Hemardinquer937-1965,
    author = {Hemardinquer, Jean-Jacques},
    editor = {},
    title = {Esquieu de Floyran},
    booktitle = {Dictionnaire de biographie française},
    publisher = {P. LETOUZEY et ANE},
    series = {},
    location = {},
    year = 1965,
    pagetotal = {},
    language = {français},
    keywords = {dict-crh, crh-1965}
    }

@inreference{Hemardinquer938-1965,
    author = {Hemardinquer, Jean-Jacques},
    editor = {},
    title = {Expilly},
    booktitle = {Dictionnaire de biographie française},
    publisher = {P. LETOUZEY et ANE},
    series = {},
    location = {},
    year = 1965,
    pagetotal = {},
    language = {français},
    keywords = {dict-crh, crh-1965}
    }

@inreference{Hemardinquer939-1965,
    author = {Hemardinquer, Jean-Jacques},
    editor = {},
    title = {Fonfrède},
    booktitle = {Dictionnaire de biographie française},
    publisher = {P. LETOUZEY et ANE},
    series = {},
    location = {},
    year = 1965,
    pagetotal = {},
    language = {français},
    keywords = {dict-crh, crh-1965}
    }

@inreference{Hemardinquer951-1980,
    author = {Hemardinquer, Jean-Jacques},
    editor = {},
    title = {Articles ' Coct.', notices de J.Fabre, C.Fabri, les frères Farel, les Froment, Gabriac},
    booktitle = {Dictionnaire de biographie française  Prévot et Roman d'Amat},
    publisher = {P. LETOUZEY et ANE},
    series = {},
    location = {},
    year = 1980,
    pagetotal = {},
    language = {français},
    keywords = {dict-crh, crh-1980}
    }

@inreference{Peter983-1970,
    author = {Peter, Jean-Pierre},
    editor = {},
    title = {Article 'Dreyfus (Affaire )'},
    booktitle = {Encyclopaedia Universalis},
    publisher = {Encyclopaedia Universalis},
    series = {},
    location = {Paris},
    year = 1970,
    pagetotal = {},
    language = {français},
    keywords = {dict-crh, crh-1970}
    }

@inreference{Burguiere1159-1975,
    author = {Burguiere, André},
    editor = {},
    title = {La demografia storica},
    booktitle = {Enciclopedia Mondadori},
    publisher = {},
    series = {},
    location = {},
    year = 1975,
    pagetotal = {},
    language = {italien},
    keywords = {dict-crh, crh-1975}
    }

@inreference{Burguiere1274-1975,
    author = {Burguiere, André},
    editor = {},
    title = {Il problemo storico della Demografia},
    booktitle = {Enciclopedia Mondadori},
    publisher = {},
    series = {},
    location = {},
    year = 1975,
    pagetotal = {},
    language = {italien},
    keywords = {dict-crh, crh-1975}
    }

@inreference{Courbin1306-1976,
    author = {Courbin, Paul},
    editor = {},
    title = {Article 'Autricum'},
    booktitle = {Princeton Encyclopedia of Classical Sites},
    publisher = {},
    series = {},
    location = {},
    year = 1976,
    pagetotal = {},
    language = {français},
    keywords = {dict-crh, crh-1976}
    }

@inreference{LeGoff1381-1977,
    author = {Le Goff, Jacques},
    editor = {},
    title = {Article 'Arbeit'},
    booktitle = {Theologische Realenzyklopädie},
    publisher = {},
    series = {},
    location = {},
    year = 1977,
    pagetotal = {},
    language = {allemand},
    keywords = {dict-crh, crh-1977}
    }

@inreference{LeGoff1382-1977,
    author = {Le Goff, Jacques},
    editor = {},
    title = {Antico/Moderno},
    booktitle = {Enciclopedia Einaudi},
    publisher = {Einaudi},
    series = {},
    location = {Turin},
    year = 1977,
    pagetotal = {},
    language = {italien},
    keywords = {dict-crh, crh-1977}
    }

@inreference{LeGoff1383-1977,
    author = {Le Goff, Jacques},
    editor = {},
    title = {Calendario},
    booktitle = {Enciclopedia Einaudi},
    publisher = {Einaudi},
    series = {},
    location = {Turin},
    year = 1977,
    pagetotal = {},
    language = {italien},
    keywords = {dict-crh, crh-1977}
    }

@inreference{LeGoff1384-1978,
    author = {Le Goff, Jacques},
    editor = {},
    title = {Chierico/Laico},
    booktitle = {Enciclopedia Einaudi},
    publisher = {Einaudi},
    series = {},
    location = {Turin},
    year = 1978,
    pagetotal = {},
    language = {italien},
    keywords = {dict-crh, crh-1978}
    }

@inreference{LeGoff1385-1978,
    author = {Le Goff, Jacques},
    editor = {},
    title = {Documento/Monumento},
    booktitle = {Enciclopedia Einaudi},
    publisher = {Einaudi},
    series = {},
    location = {Turin},
    year = 1978,
    pagetotal = {},
    language = {italien},
    keywords = {dict-crh, crh-1978}
    }

@inreference{Pomian1427-1977,
    author = {Pomian, Krzysztof},
    editor = {},
    title = {Catastrofi},
    booktitle = {Enciclopedia Einaudi},
    publisher = {Einaudi},
    series = {},
    location = {Turin},
    year = 1977,
    pagetotal = {15},
    language = {italien},
    keywords = {dict-crh, crh-1977}
    }

@inreference{Pomian1428-1977,
    author = {Pomian, Krzysztof},
    editor = {},
    title = {Ciclo},
    booktitle = {Enciclopedia Einaudi},
    publisher = {Einaudi},
    series = {},
    location = {Turin},
    year = 1977,
    pagetotal = {59},
    language = {italien},
    keywords = {dict-crh, crh-1977}
    }

@inreference{Burguiere1473-1979,
    author = {Burguiere, André},
    editor = {},
    title = {Histoire anthropologique},
    booktitle = {Encyclopaedia Universalis},
    publisher = {Encyclopaedia Universalis},
    series = {},
    location = {Paris},
    year = 1979,
    pagetotal = {},
    language = {français},
    keywords = {dict-crh, crh-1979}
    }

@inreference{LeGoff1513-1978,
    author = {Le Goff, Jacques},
    editor = {},
    title = {Arbeit},
    booktitle = {Theologische Realenzyklopädie},
    publisher = {De Gruyter},
    series = {},
    location = {Berlin},
    year = 1978,
    pagetotal = {},
    language = {allemand},
    keywords = {dict-crh, crh-1978}
    }

@inreference{Aron1523-1978,
    author = {Aron, Jean-Paul},
    editor = {},
    title = {Cucina},
    booktitle = {Enciclopedia Einaudi},
    publisher = {Einaudi},
    series = {},
    location = {Turin},
    year = 1978,
    pagetotal = {},
    language = {italien},
    keywords = {dict-crh, crh-1978}
    }

@inreference{Goy1575-1979,
    author = {Goy, Joseph},
    editor = {},
    title = {Histoire orale},
    booktitle = {Encyclopaedia Universalis},
    publisher = {Encyclopaedia Universalis},
    series = {},
    location = {Paris},
    year = 1979,
    pagetotal = {},
    language = {français},
    keywords = {dict-crh, crh-1979}
    }

@inreference{Guillou1586-1979,
    author = {Guillou, André},
    editor = {},
    title = {Arbeit-Byzanz},
    booktitle = {Lexikon des Mittelalters},
    publisher = {Artemis},
    series = {},
    location = {Munich},
    year = 1979,
    pagetotal = {4},
    language = {allemand},
    keywords = {dict-crh, crh-1979}
    }

@inreference{LeGoff1618-1978,
    author = {Le Goff, Jacques},
    editor = {},
    title = {Decadenza},
    booktitle = {Enciclopedia Einaudi},
    publisher = {Einaudi},
    series = {},
    location = {Turin},
    year = 1978,
    pagetotal = {12},
    language = {italien},
    keywords = {dict-crh, crh-1978}
    }

@inreference{LeGoff1619-1978,
    author = {Le Goff, Jacques},
    editor = {},
    title = {Documento/monumento},
    booktitle = {Enciclopedia Einaudi},
    publisher = {Einaudi},
    series = {},
    location = {Turin},
    year = 1978,
    pagetotal = {12},
    language = {italien},
    keywords = {dict-crh, crh-1978}
    }

@inreference{LeGoff1620-1978,
    author = {Le Goff, Jacques},
    editor = {},
    title = {Eschatologia},
    booktitle = {Enciclopedia Einaudi},
    publisher = {Einaudi},
    series = {},
    location = {Turin},
    year = 1978,
    pagetotal = {12},
    language = {italien},
    keywords = {dict-crh, crh-1978}
    }

@inreference{LeGoff1621-1978,
    author = {Le Goff, Jacques},
    editor = {},
    title = {Eta mitiche},
    booktitle = {Enciclopedia Einaudi},
    publisher = {Einaudi},
    series = {},
    location = {Turin},
    year = 1978,
    pagetotal = {30},
    language = {italien},
    keywords = {dict-crh, crh-1978}
    }

@inreference{LeGoff1622-1979,
    author = {Le Goff, Jacques},
    editor = {},
    title = {Memoria},
    booktitle = {Enciclopedia Einaudi},
    publisher = {Einaudi},
    series = {},
    location = {Turin},
    year = 1979,
    pagetotal = {42},
    language = {italien},
    keywords = {dict-crh, crh-1979}
    }

@inreference{LeGoff1626-1979,
    author = {Le Goff, Jacques},
    editor = {},
    title = {Arbeit},
    booktitle = {Lexicon des Mittelalters},
    publisher = {},
    series = {},
    location = {Munich},
    year = 1979,
    pagetotal = {4},
    language = {allemand},
    keywords = {dict-crh, crh-1979}
    }

@inreference{Pesez1666-1978,
    author = {Pesez, Jean-Marie and R.Bucaille},
    editor = {},
    title = {Cultura materiale},
    booktitle = {Enciclopedia Einaudi},
    publisher = {Einaudi},
    series = {},
    location = {Turin},
    year = 1978,
    pagetotal = {35},
    language = {italien},
    keywords = {dict-crh, crh-1978}
    }

@inreference{Peter1667-1978,
    author = {Peter, Jean-Pierre},
    editor = {},
    title = {L'homme et son corps dans la société traditionnelle},
    booktitle = {Universalia},
    publisher = {Encyclopaedia Universalis},
    series = {},
    location = {Paris},
    year = 1978,
    pagetotal = {},
    language = {français},
    keywords = {dict-crh, crh-1978}
    }

@inreference{Pomian1675-1978,
    author = {Pomian, Krzysztof},
    editor = {},
    title = {Collezione},
    booktitle = {Enciclopedia Einaudi},
    publisher = {Einaudi},
    series = {},
    location = {Turin},
    year = 1978,
    pagetotal = {35},
    language = {italien},
    keywords = {dict-crh, crh-1978}
    }

@inreference{Pomian1679-1978,
    author = {Pomian, Krzysztof},
    editor = {},
    title = {Evento},
    booktitle = {Enciclopedia Einaudi},
    publisher = {Einaudi},
    series = {},
    location = {Turin},
    year = 1978,
    pagetotal = {22},
    language = {italien},
    keywords = {dict-crh, crh-1978}
    }

@inreference{Pomian1681-1979,
    author = {Pomian, Krzysztof},
    editor = {},
    title = {Filosofia/filosofie},
    booktitle = {Enciclopedia Einaudi},
    publisher = {Einaudi},
    series = {},
    location = {Turin},
    year = 1979,
    pagetotal = {55},
    language = {italien},
    keywords = {dict-crh, crh-1979}
    }

@inreference{Pomian1682-1979,
    author = {Pomian, Krzysztof},
    editor = {},
    title = {Genesi},
    booktitle = {Enciclopedia Einaudi},
    publisher = {Einaudi},
    series = {},
    location = {Turin},
    year = 1979,
    pagetotal = {11},
    language = {italien},
    keywords = {dict-crh, crh-1979}
    }

@inreference{Schmitt1702-1980,
    author = {Schmitt, Jean-Claude},
    editor = {},
    title = {Christianisme et mythologie. Occident médiéval et pensée mythique},
    booktitle = {Dictionnaire des mythologies},
    publisher = {Flammarion},
    series = {},
    location = {Paris},
    year = 1980,
    pagetotal = {5},
    language = {français},
    keywords = {dict-crh, crh-1980}
    }

@inreference{Chapelot1738-1979,
    author = {Chapelot, Jean},
    editor = {},
    title = {L'archéologie du paysage},
    booktitle = {Encyclopaedia universalis},
    publisher = {Encyclopaedia Universalis},
    series = {},
    location = {Paris},
    year = 1979,
    pagetotal = {},
    language = {français},
    keywords = {dict-crh, crh-1979}
    }

@inreference{Chapelot1739-1979,
    author = {Chapelot, Jean},
    editor = {},
    title = {L'habitat rural en Occident du moyen âge au 19e siècle},
    booktitle = {Encyclopaedia universalis},
    publisher = {Encyclopaedia Universalis},
    series = {},
    location = {Paris},
    year = 1979,
    pagetotal = {},
    language = {français},
    keywords = {dict-crh, crh-1979}
    }

@inreference{LeGoff1942-1981,
    author = {Le Goff, Jacques},
    editor = {},
    title = {Storia},
    booktitle = {Enciclopedia Einaudi},
    publisher = {Einaudi},
    series = {},
    location = {Turin},
    year = 1981,
    pagetotal = {},
    language = {italien},
    keywords = {dict-crh, crh-1981}
    }

@inreference{Pesez1974-1981,
    author = {Pesez, Jean-Marie},
    editor = {},
    title = {Villaggio},
    booktitle = {Enciclopedia Einaudi},
    publisher = {Einaudi},
    series = {},
    location = {Turin},
    year = 1981,
    pagetotal = {18},
    language = {italien},
    keywords = {dict-crh, crh-1981}
    }

@inreference{Pomian1988-1980,
    author = {Pomian, Krzysztof},
    editor = {},
    title = {Periodizzazione},
    booktitle = {Enciclopedia Einaudi},
    publisher = {Einaudi},
    series = {},
    location = {Turin},
    year = 1980,
    pagetotal = {48},
    language = {italien},
    keywords = {dict-crh, crh-1980}
    }

@inreference{Pomian1995-1981,
    author = {Pomian, Krzysztof},
    editor = {},
    title = {Stuttura},
    booktitle = {Enciclopedia Einaudi},
    publisher = {Einaudi},
    series = {},
    location = {Turin},
    year = 1981,
    pagetotal = {42},
    language = {italien},
    keywords = {dict-crh, crh-1981}
    }

@inreference{Pomian1996-1981,
    author = {Pomian, Krzysztof},
    editor = {},
    title = {Tempo/temporalita},
    booktitle = {Enciclopedia Einaudi},
    publisher = {Einaudi},
    series = {},
    location = {Turin},
    year = 1981,
    pagetotal = {78},
    language = {italien},
    keywords = {dict-crh, crh-1981}
    }

@inreference{Chapelot2049-1980,
    author = {Chapelot, Jean},
    editor = {},
    title = {Archéologie du paysage},
    booktitle = {Universalia},
    publisher = {Encyclopaedia Universalis},
    series = {},
    location = {Paris},
    year = 1980,
    pagetotal = {4},
    language = {français},
    keywords = {dict-crh, crh-1980}
    }

@inreference{Chapelot2050-1980,
    author = {Chapelot, Jean},
    editor = {},
    title = {L'habitat rural en occident du 11e au 19e siècle},
    booktitle = {Universalia, supplément à l'Encyclopedia universalis},
    publisher = {Encyclopaedia Universalis},
    series = {},
    location = {Paris},
    year = 1980,
    pagetotal = {3},
    language = {français},
    keywords = {dict-crh, crh-1980}
    }

@inreference{Burguiere2061-1979,
    author = {Burguiere, André},
    editor = {},
    title = {Histoire de la famille},
    booktitle = {Encyclopaedia universalis},
    publisher = {Encyclopaedia Universalis},
    series = {},
    location = {Paris},
    year = 1979,
    pagetotal = {},
    language = {français},
    keywords = {dict-crh, crh-1979}
    }

@inreference{Burguiere2155-1986,
    author = {Burguiere, André},
    editor = {A. Burguiere},
    title = {Anthropologie historique},
    booktitle = {Dictionnaire des Sciences Historiques},
    publisher = {PUF},
    series = {},
    location = {Paris},
    year = 1986,
    pagetotal = {},
    language = {français},
    keywords = {dict-crh, crh-1986}
    }

@inreference{Burguiere2156-1986,
    author = {Burguiere, André},
    editor = {A. Burguiere},
    title = {Alimentation},
    booktitle = {Dictionnaire des Sciences Historiques},
    publisher = {PUF},
    series = {},
    location = {Paris},
    year = 1986,
    pagetotal = {},
    language = {français},
    keywords = {dict-crh, crh-1986}
    }

@inreference{Burguiere2157-1986,
    author = {Burguiere, André},
    editor = {A. Burguiere},
    title = {Annales (Ecole des)},
    booktitle = {Dictionnaire des Sciences Historiques},
    publisher = {PUF},
    series = {},
    location = {Paris},
    year = 1986,
    pagetotal = {},
    language = {français},
    keywords = {dict-crh, crh-1986}
    }

@inreference{Burguiere2158-1986,
    author = {Burguiere, André},
    editor = {A. Burguiere},
    title = {Bloch (Marc)},
    booktitle = {Dictionnaire des Sciences Historiques},
    publisher = {PUF},
    series = {},
    location = {Paris},
    year = 1986,
    pagetotal = {},
    language = {français},
    keywords = {dict-crh, crh-1986}
    }

@inreference{Burguiere2159-1986,
    author = {Burguiere, André},
    editor = {A. Burguiere},
    title = {Ariès (Philippe)},
    booktitle = {Dictionnaire des Sciences Historiques},
    publisher = {PUF},
    series = {},
    location = {Paris},
    year = 1986,
    pagetotal = {},
    language = {français},
    keywords = {dict-crh, crh-1986}
    }

@inreference{Burguiere2160-1986,
    author = {Burguiere, André},
    editor = {A. Burguiere},
    title = {Elias (Norbert)},
    booktitle = {Dictionnaire des Sciences Historiques},
    publisher = {PUF},
    series = {},
    location = {Paris},
    year = 1986,
    pagetotal = {},
    language = {français},
    keywords = {dict-crh, crh-1986}
    }

@inreference{Burguiere2161-1986,
    author = {Burguiere, André},
    editor = {A. Burguiere},
    title = {Famille},
    booktitle = {Dictionnaire des Sciences Historiques},
    publisher = {PUF},
    series = {},
    location = {Paris},
    year = 1986,
    pagetotal = {},
    language = {français},
    keywords = {dict-crh, crh-1986}
    }

@inreference{Burguiere2162-1986,
    author = {Burguiere, André},
    editor = {A. Burguiere},
    title = {Tocqueville (Alexis de)},
    booktitle = {Dictionnaire des Sciences Historiques},
    publisher = {PUF},
    series = {},
    location = {Paris},
    year = 1986,
    pagetotal = {},
    language = {français},
    keywords = {dict-crh, crh-1986}
    }

@inreference{Farge2250-1986,
    author = {Farge, Arlette},
    editor = {A. Burguiere},
    title = {Violence},
    booktitle = {Dictionnaire des Sciences Historiques},
    publisher = {PUF},
    series = {},
    location = {Paris},
    year = 1986,
    pagetotal = {},
    language = {français},
    keywords = {dict-crh, crh-1986}
    }

@inreference{Farge2251-1986,
    author = {Farge, Arlette},
    editor = {A. Burguiere},
    title = {Marginaux},
    booktitle = {Dictionnaire des Sciences Historiques},
    publisher = {PUF},
    series = {},
    location = {Paris},
    year = 1986,
    pagetotal = {},
    language = {français},
    keywords = {dict-crh, crh-1986}
    }

@inreference{Fridenson2300-1986,
    author = {Fridenson, Patrick},
    editor = {J. Maitron},
    title = {Hyacinthe Dubreuil},
    booktitle = {Dictionnaire biographique du mouvement ouvrier français},
    publisher = {},
    series = {},
    location = {},
    year = 1986,
    pagetotal = {4},
    language = {français},
    keywords = {dict-crh, crh-1986}
    }

@inreference{Hemardinquer2358-1984,
    author = {Hemardinquer, Jean-Jacques},
    editor = {},
    title = {Grar},
    booktitle = {Dictionnaire de Biographie française},
    publisher = {P. LETOUZEY et ANE},
    series = {},
    location = {Paris},
    year = 1984,
    pagetotal = {},
    language = {français},
    keywords = {dict-crh, crh-1984}
    }

@inreference{Hemardinquer2359-1984,
    author = {Hemardinquer, Jean-Jacques},
    editor = {},
    title = {Grassin (A.,G.,P.,S.)},
    booktitle = {Dictionnaire de Biographie française},
    publisher = {P. LETOUZEY et ANE},
    series = {},
    location = {Paris},
    year = 1984,
    pagetotal = {},
    language = {français},
    keywords = {dict-crh, crh-1984}
    }

@inreference{Klapisch2405-1983,
    author = {Klapisch-Zuber, Christiane},
    editor = {},
    title = {Carrara. Marmorbrüche},
    booktitle = {Lexicon des Mittelalters},
    publisher = {},
    series = {},
    location = {Munich},
    year = 1983,
    pagetotal = {},
    language = {allemand},
    keywords = {dict-crh, crh-1983}
    }

@inreference{Klapisch2421-1986,
    author = {Klapisch-Zuber, Christiane},
    editor = {A. Burguiere},
    title = {Histoire de la femme},
    booktitle = {Dictionnaire des sciences historiques},
    publisher = {PUF},
    series = {},
    location = {Paris},
    year = 1986,
    pagetotal = {},
    language = {français},
    keywords = {dict-crh, crh-1986}
    }

@inreference{LeGoff2441-1986,
    author = {Le Goff, Jacques},
    editor = {A. Burguiere},
    title = {Maurice Lombard},
    booktitle = {Dictionnaire des Sciences Historiques},
    publisher = {PUF},
    series = {},
    location = {Paris},
    year = 1986,
    pagetotal = {},
    language = {français},
    keywords = {dict-crh, crh-1986}
    }

@inreference{LeGoff2442-1986,
    author = {Le Goff, Jacques},
    editor = {A. Burguiere},
    title = {Huizinga},
    booktitle = {Dictionnaire des Sciences Historiques},
    publisher = {PUF},
    series = {},
    location = {Paris},
    year = 1986,
    pagetotal = {},
    language = {français},
    keywords = {dict-crh, crh-1986}
    }

@inreference{Pomian2534-1985,
    author = {Pomian, Krzysztof},
    editor = {},
    title = {Tempo/temporalità},
    booktitle = {Enciclopedia Einaudi},
    publisher = {Einaudi},
    series = {},
    location = {Turin},
    year = 1985,
    pagetotal = {9},
    language = {italien},
    keywords = {dict-crh, crh-1985}
    }

@inreference{Pomian2535-1985,
    author = {Pomian, Krzysztof},
    editor = {},
    title = {Natura, storia, conoscenza},
    booktitle = {Enciclopedia Einaudi},
    publisher = {Einaudi},
    series = {},
    location = {Turin},
    year = 1985,
    pagetotal = {47},
    language = {italien},
    keywords = {dict-crh, crh-1985}
    }

@inreference{Pomian2552-1984,
    author = {Pomian, Krzysztof},
    editor = {},
    title = {Coleçao},
    booktitle = {Enciclopedia Einaudi},
    publisher = {Einaudi},
    series = {},
    location = {Turin},
    year = 1984,
    pagetotal = {36},
    language = {italien},
    keywords = {dict-crh, crh-1984}
    }

@inreference{Revel2604-1986,
    author = {Revel, Jacques},
    editor = {A. Burguiere},
    title = {Mentalités},
    booktitle = {Dictionnaire des Sciences Historiques},
    publisher = {PUF},
    series = {},
    location = {Paris},
    year = 1986,
    pagetotal = {},
    language = {français},
    keywords = {dict-crh, crh-1986}
    }

@inreference{Revel2607-1986,
    author = {Revel, Jacques},
    editor = {A. Burguiere},
    title = {Outillage mental},
    booktitle = {Dictionnaire des Sciences Historiques},
    publisher = {PUF},
    series = {},
    location = {Paris},
    year = 1986,
    pagetotal = {2},
    language = {français},
    keywords = {dict-crh, crh-1986}
    }

@inreference{Revel2608-1986,
    author = {Revel, Jacques},
    editor = {A. Burguiere},
    title = {Febvre},
    booktitle = {Dictionnaire des Sciences Historiques},
    publisher = {PUF},
    series = {},
    location = {Paris},
    year = 1986,
    pagetotal = {},
    language = {français},
    keywords = {dict-crh, crh-1986}
    }

@inreference{Schmitt2621-1982,
    author = {Schmitt, Jean-Claude},
    editor = {},
    title = {Generazioni},
    booktitle = {Enciclopedia Einaudi},
    publisher = {Einaudi},
    series = {},
    location = {Turin},
    year = 1982,
    pagetotal = {10},
    language = {italien},
    keywords = {dict-crh, crh-1982}
    }

@inreference{Vincent2689-1986,
    author = {Vincent, Bernard},
    editor = {A. Burguiere},
    title = {Histoire espagnole},
    booktitle = {Dictionnaire des Sciences Historiques},
    publisher = {PUF},
    series = {},
    location = {Paris},
    year = 1986,
    pagetotal = {},
    language = {français},
    keywords = {dict-crh, crh-1986}
    }

@inreference{Vincent2690-1986,
    author = {Vincent, Bernard},
    editor = {A. Burguiere},
    title = {histoire des révoltes},
    booktitle = {Dictionnaire des Sciences Historiques},
    publisher = {PUF},
    series = {},
    location = {Paris},
    year = 1986,
    pagetotal = {},
    language = {français},
    keywords = {dict-crh, crh-1986}
    }

@inreference{Vincent2691-1986,
    author = {Vincent, Bernard},
    editor = {A. Burguiere},
    title = {Vicens Vives},
    booktitle = {Dictionnaire des Sciences Historiques},
    publisher = {PUF},
    series = {},
    location = {Paris},
    year = 1986,
    pagetotal = {},
    language = {français},
    keywords = {dict-crh, crh-1986}
    }

@inreference{Andreau2715-1986,
    author = {Andreau, Jean},
    editor = {},
    title = {Epigraphie},
    booktitle = {Dictionnaire des Sciences Historiques},
    publisher = {PUF},
    series = {},
    location = {paris},
    year = 1986,
    pagetotal = {3},
    language = {français},
    keywords = {dict-crh, crh-1986}
    }

@inreference{Andreau2716-1986,
    author = {Andreau, Jean},
    editor = {},
    title = {Numismatique},
    booktitle = {Dictionnaire des Sciences Historiques},
    publisher = {PUF},
    series = {},
    location = {Paris},
    year = 1986,
    pagetotal = {2},
    language = {français},
    keywords = {dict-crh, crh-1986}
    }

@inreference{Andreau2717-1986,
    author = {Andreau, Jean},
    editor = {},
    title = {Prosopographie},
    booktitle = {Dictionnaire des Sciences Historiques},
    publisher = {PUF},
    series = {},
    location = {Paris},
    year = 1986,
    pagetotal = {3},
    language = {français},
    keywords = {dict-crh, crh-1986}
    }

@inreference{Andreau2718-1986,
    author = {Andreau, Jean},
    editor = {},
    title = {Rome},
    booktitle = {Dictionnaire des Sciences Historiques},
    publisher = {PUF},
    series = {},
    location = {Paris},
    year = 1986,
    pagetotal = {3},
    language = {français},
    keywords = {dict-crh, crh-1986}
    }

@inreference{Andreau2719-1986,
    author = {Andreau, Jean},
    editor = {},
    title = {Tite-Live},
    booktitle = {Dictionnaire des Sciences Historiques},
    publisher = {PUF},
    series = {},
    location = {Paris},
    year = 1986,
    pagetotal = {2},
    language = {français},
    keywords = {dict-crh, crh-1986}
    }

@inreference{Bavant2762-1986,
    author = {Bavant, Bernard},
    editor = {},
    title = {Damiano, santo},
    booktitle = {Dizionario Biografico degli Italiani},
    publisher = {},
    series = {},
    location = {},
    year = 1986,
    pagetotal = {6},
    language = {italien},
    keywords = {dict-crh, crh-1986}
    }

@inreference{Bergeron2780-1987,
    author = {Bergeron, Louis},
    editor = {},
    title = {Archéologie industrielle},
    booktitle = {Encyclopaedia Universalis},
    publisher = {Encyclopaedia Universalis},
    series = {},
    location = {Paris},
    year = 1987,
    pagetotal = {3},
    language = {français},
    keywords = {dict-crh, crh-1987}
    }

@inreference{Bergeron2782-1988,
    author = {Bergeron, Louis},
    editor = {F. Furet and M. Ozouf},
    title = {Biens nationaux},
    booktitle = {Dictionnaire critique de la Révolution française},
    publisher = {Flammarion},
    series = {},
    location = {Paris},
    year = 1988,
    pagetotal = {9},
    language = {français},
    keywords = {dict-crh, crh-1988}
    }

@inreference{Bergeron2783-1988,
    author = {Bergeron, Louis},
    editor = {},
    title = {France de 1815 à 1870},
    booktitle = {Dictionnaire d'histoire économique de 1800 à nos jours},
    publisher = {},
    series = {},
    location = {},
    year = 1988,
    pagetotal = {16},
    language = {français},
    keywords = {dict-crh, crh-1988}
    }

@inreference{Bourdelais2818-1986,
    author = {Bourdelais, Patrice and B.Lepetit},
    editor = {},
    title = {Histoire et espace},
    booktitle = {Nouvelle encyclopédie des sciences et des techniques, Espaces, Jeux et enjeux},
    publisher = {},
    series = {},
    location = {},
    year = 1986,
    pagetotal = {10},
    language = {français},
    keywords = {dict-crh, crh-1986}
    }

@inreference{Braunstein2842-1986,
    author = {Braunstein, Philippe},
    editor = {},
    title = {Histoire des Techniques},
    booktitle = {Dictionnaire des Sciences Historiques},
    publisher = {PUF},
    series = {},
    location = {Paris},
    year = 1986,
    pagetotal = {2},
    language = {français},
    keywords = {dict-crh, crh-1986}
    }

@inreference{Braunstein2843-1986,
    author = {Braunstein, Philippe},
    editor = {},
    title = {Panofsky},
    booktitle = {Dictionnaire des Sciences Historiques},
    publisher = {PUF},
    series = {},
    location = {Paris},
    year = 1986,
    pagetotal = {5},
    language = {français},
    keywords = {dict-crh, crh-1986}
    }

@inreference{Burguiere2860-1989,
    author = {Burguiere, André},
    editor = {Y. Afanassiev and M. Ferro},
    title = {Famille},
    booktitle = {Dictionnaire de la Glanost : 50 idées qui ébranlèrent le monde},
    publisher = {},
    series = {},
    location = {},
    year = 1989,
    pagetotal = {9},
    language = {français},
    keywords = {dict-crh, crh-1989}
    }

@inreference{Chartier2870-1986,
    author = {Chartier, Roger},
    editor = {A. Burguière},
    title = {Cahiers de doléances},
    booktitle = {Dictionnaire des Sciences Historiques},
    publisher = {PUF},
    series = {},
    location = {Paris},
    year = 1986,
    pagetotal = {3},
    language = {français},
    keywords = {dict-crh, crh-1986}
    }

@inreference{Chartier2871-1986,
    author = {Chartier, Roger},
    editor = {A. Burguière},
    title = {Colportage},
    booktitle = {Dictionnaire des Sciences Historiques},
    publisher = {PUF},
    series = {},
    location = {Paris},
    year = 1986,
    pagetotal = {1},
    language = {français},
    keywords = {dict-crh, crh-1986}
    }

@inreference{Chartier2872-1986,
    author = {Chartier, Roger},
    editor = {A. Burguière},
    title = {Culture populaire},
    booktitle = {Dictionnaire des Sciences Historiques},
    publisher = {PUF},
    series = {},
    location = {Paris},
    year = 1986,
    pagetotal = {6},
    language = {français},
    keywords = {dict-crh, crh-1986}
    }

@inreference{Chartier2873-1986,
    author = {Chartier, Roger},
    editor = {A. Burguière},
    title = {Images},
    booktitle = {Dictionnaire des Sciences Historiques},
    publisher = {PUF},
    series = {},
    location = {Paris},
    year = 1986,
    pagetotal = {3},
    language = {français},
    keywords = {dict-crh, crh-1986}
    }

@inreference{Chartier2874-1986,
    author = {Chartier, Roger},
    editor = {A. Burguière},
    title = {Histoire intellectuelle},
    booktitle = {Dictionnaire des Sciences Historiques},
    publisher = {PUF},
    series = {},
    location = {Paris},
    year = 1986,
    pagetotal = {6},
    language = {français},
    keywords = {dict-crh, crh-1986}
    }

@inreference{Chartier2876-1986,
    author = {Chartier, Roger},
    editor = {A. Burguière},
    title = {Livre},
    booktitle = {Dictionnaire des Sciences Historiques},
    publisher = {PUF},
    series = {},
    location = {Paris},
    year = 1986,
    pagetotal = {4},
    language = {français},
    keywords = {dict-crh, crh-1986}
    }

@inreference{Chartier2877-1986,
    author = {Chartier, Roger},
    editor = {A. Burguière},
    title = {Histoire parfaite},
    booktitle = {Dictionnaire des Sciences Historiques},
    publisher = {PUF},
    series = {},
    location = {Paris},
    year = 1986,
    pagetotal = {1},
    language = {français},
    keywords = {dict-crh, crh-1986}
    }

@inreference{Desaive2975-1986,
    author = {Desaive, Jean-Paul},
    editor = {},
    title = {Mercuriale},
    booktitle = {Dictionnaire des sciences historiques},
    publisher = {PUF},
    series = {},
    location = {Paris},
    year = 1986,
    pagetotal = {},
    language = {français},
    keywords = {dict-crh, crh-1986}
    }

@inreference{Desaive2976-1986,
    author = {Desaive, Jean-Paul},
    editor = {},
    title = {Jean Meuvret},
    booktitle = {Dictionnaire des sciences historiques},
    publisher = {PUF},
    series = {},
    location = {Paris},
    year = 1986,
    pagetotal = {},
    language = {français},
    keywords = {dict-crh, crh-1986}
    }

@inreference{Desaive2977-1986,
    author = {Desaive, Jean-Paul},
    editor = {},
    title = {Prix},
    booktitle = {Dictionnaire des sciences historiques},
    publisher = {PUF},
    series = {},
    location = {Paris},
    year = 1986,
    pagetotal = {},
    language = {français},
    keywords = {dict-crh, crh-1986}
    }

@inreference{Descimon2980-1986,
    author = {Descimon, Robert},
    editor = {},
    title = {Ancien Régime},
    booktitle = {Dictionnaire des sciences historiques},
    publisher = {PUF},
    series = {},
    location = {Paris},
    year = 1986,
    pagetotal = {3},
    language = {français},
    keywords = {dict-crh, crh-1986}
    }

@inreference{Descimon2981-1986,
    author = {Descimon, Robert},
    editor = {},
    title = {Histoire des institutions},
    booktitle = {Dictionnaire des sciences historiques},
    publisher = {PUF},
    series = {},
    location = {Paris},
    year = 1986,
    pagetotal = {4},
    language = {français},
    keywords = {dict-crh, crh-1986}
    }

@inreference{Dupaquier2987-1986,
    author = {Dupaquier, Jacques},
    editor = {},
    title = {Démographie historique},
    booktitle = {Dictionnaire des sciences historiques},
    publisher = {PUF},
    series = {},
    location = {Paris},
    year = 1986,
    pagetotal = {},
    language = {français},
    keywords = {dict-crh, crh-1986}
    }

@inreference{Dupaquier2988-1986,
    author = {Dupaquier, Jacques},
    editor = {},
    title = {Généalogie},
    booktitle = {Dictionnaire des sciences historiques},
    publisher = {PUF},
    series = {},
    location = {Paris},
    year = 1986,
    pagetotal = {},
    language = {français},
    keywords = {dict-crh, crh-1986}
    }

@inreference{Dupaquier2991-1986,
    author = {Dupaquier, Jacques},
    editor = {},
    title = {Population},
    booktitle = {Dictionnaire des sciences historiques},
    publisher = {PUF},
    series = {},
    location = {Paris},
    year = 1986,
    pagetotal = {},
    language = {français},
    keywords = {dict-crh, crh-1986}
    }

@inreference{Dupaquier3002-1989,
    author = {Dupaquier, Jacques},
    editor = {},
    title = {Population/démographie},
    booktitle = {Dictionnaire historique de la Révolution française},
    publisher = {},
    series = {},
    location = {},
    year = 1989,
    pagetotal = {},
    language = {français},
    keywords = {dict-crh, crh-1989}
    }

@inreference{Godet3095-1989,
    author = {Godet, Martine},
    editor = {},
    title = {Sport},
    booktitle = {Cinquante idées qui ébranlent le monde. Dictionnaire de la glasnost},
    publisher = {},
    series = {},
    location = {},
    year = 1989,
    pagetotal = {5},
    language = {français},
    keywords = {dict-crh, crh-1989}
    }

@inreference{Goy3106-1986,
    author = {Goy, Joseph},
    editor = {},
    title = {Histoire rurale},
    booktitle = {Dictionnaire des Sciences Historiques},
    publisher = {PUF},
    series = {},
    location = {Paris},
    year = 1986,
    pagetotal = {},
    language = {français},
    keywords = {dict-crh, crh-1986}
    }

@inreference{Goy3108-1988,
    author = {Goy, Joseph},
    editor = {F. Furet and M. Ozouf},
    title = {Code civil},
    booktitle = {Dictionnaire critique de la Révolution française},
    publisher = {Flammarion},
    series = {},
    location = {Paris},
    year = 1988,
    pagetotal = {},
    language = {français},
    keywords = {dict-crh, crh-1988}
    }

@inreference{Hartog3168-1986,
    author = {Hartog, François},
    editor = {A. Burguière},
    title = {Hérodote},
    booktitle = {Dictionnaire des sciences historiques},
    publisher = {PUF},
    series = {},
    location = {Paris},
    year = 1986,
    pagetotal = {},
    language = {français},
    keywords = {dict-crh, crh-1986}
    }

@inreference{Hartog3169-1986,
    author = {Hartog, François},
    editor = {A. Burguière},
    title = {Thucydide},
    booktitle = {Dictionnaire des sciences historiques},
    publisher = {PUF},
    series = {},
    location = {Paris},
    year = 1986,
    pagetotal = {},
    language = {français},
    keywords = {dict-crh, crh-1986}
    }

@inreference{Hartog3170-1986,
    author = {Hartog, François},
    editor = {A. Burguière},
    title = {Historiens grecs},
    booktitle = {Dictionnaire des sciences historiques},
    publisher = {PUF},
    series = {},
    location = {Paris},
    year = 1986,
    pagetotal = {},
    language = {français},
    keywords = {dict-crh, crh-1986}
    }

@inreference{Hartog3171-1986,
    author = {Hartog, François},
    editor = {A. Burguière},
    title = {Histoire grecque},
    booktitle = {Dictionnaire des sciences historiques},
    publisher = {PUF},
    series = {},
    location = {Paris},
    year = 1986,
    pagetotal = {},
    language = {français},
    keywords = {dict-crh, crh-1986}
    }

@inreference{Hartog3172-1986,
    author = {Hartog, François},
    editor = {A. Burguière},
    title = {Fustel de Coulanges},
    booktitle = {Dictionnaire des sciences historiques},
    publisher = {PUF},
    series = {},
    location = {Paris},
    year = 1986,
    pagetotal = {},
    language = {français},
    keywords = {dict-crh, crh-1986}
    }

@inreference{Hemardinquer3183-1989,
    author = {Hemardinquer, Jean-Jacques},
    editor = {},
    title = {Hémardinquer (Charles, Jérémie et Mathias, enseignants)},
    booktitle = {Dictionnaire de biographie française},
    publisher = {P. LETOUZEY et ANE},
    series = {},
    location = {Paris},
    year = 1989,
    pagetotal = {},
    language = {français},
    keywords = {dict-crh, crh-1989}
    }

@inreference{Julia3205-1986,
    author = {Julia, Dominique},
    editor = {A. Burguière},
    title = {Alphabétisation},
    booktitle = {Dictionnaire des Sciences Historiques},
    publisher = {PUF},
    series = {},
    location = {Paris},
    year = 1986,
    pagetotal = {4},
    language = {français},
    keywords = {dict-crh, crh-1986}
    }

@inreference{Julia3206-1986,
    author = {Julia, Dominique},
    editor = {A. Burguière},
    title = {Histoire de l'Education},
    booktitle = {Dictionnaire des Sciences Historiques},
    publisher = {PUF},
    series = {},
    location = {Paris},
    year = 1986,
    pagetotal = {10},
    language = {français},
    keywords = {dict-crh, crh-1986}
    }

@inreference{Julia3224-1989,
    author = {Julia, Dominique},
    editor = {A. Soboul and J.-R. Suratteau},
    title = {Ecoles centrales},
    booktitle = {Dictionnaire de la Révolution française},
    publisher = {},
    series = {},
    location = {},
    year = 1989,
    pagetotal = {},
    language = {français},
    keywords = {dict-crh, crh-1989}
    }

@inreference{Julia3225-1989,
    author = {Julia, Dominique},
    editor = {A. Soboul and J.-R. Suratteau},
    title = {Ecole Normale},
    booktitle = {Dictionnaire de la Révolution française},
    publisher = {},
    series = {},
    location = {},
    year = 1989,
    pagetotal = {},
    language = {français},
    keywords = {dict-crh, crh-1989}
    }

@inreference{Julia3226-1989,
    author = {Julia, Dominique},
    editor = {A. Soboul and J.-R. Suratteau},
    title = {Ecole Polytechnique},
    booktitle = {Dictionnaire de la Révolution française},
    publisher = {},
    series = {},
    location = {},
    year = 1989,
    pagetotal = {},
    language = {français},
    keywords = {dict-crh, crh-1989}
    }

@inreference{Julia3227-1989,
    author = {Julia, Dominique},
    editor = {A. Soboul and J.-R. Suratteau},
    title = {Institut National},
    booktitle = {Dictionnaire de la Révolution française},
    publisher = {},
    series = {},
    location = {},
    year = 1989,
    pagetotal = {},
    language = {français},
    keywords = {dict-crh, crh-1989}
    }

@inreference{Julia3228-1989,
    author = {Julia, Dominique},
    editor = {A. Soboul and J.-R. Suratteau},
    title = {Instruction publique},
    booktitle = {Dictionnaire de la Révolution française},
    publisher = {},
    series = {},
    location = {},
    year = 1989,
    pagetotal = {},
    language = {français},
    keywords = {dict-crh, crh-1989}
    }

@inreference{Julia3229-1989,
    author = {Julia, Dominique},
    editor = {A. Soboul and J.-R. Suratteau},
    title = {Lakanal},
    booktitle = {Dictionnaire de la Révolution française},
    publisher = {},
    series = {},
    location = {},
    year = 1989,
    pagetotal = {},
    language = {français},
    keywords = {dict-crh, crh-1989}
    }

@inreference{Lepetit3308-1986,
    author = {Lepetit, Bernard and P. Bourdelais},
    editor = {},
    title = {Histoire et espace},
    booktitle = {Nouvelle Encyclopédie des Sciences et des Techniques. Espaces, jeux et enjeux},
    publisher = {},
    series = {},
    location = {},
    year = 1986,
    pagetotal = {12},
    language = {français},
    keywords = {dict-crh, crh-1986}
    }

@inreference{Mouradian3343-1989,
    author = {Mouradian, Claire},
    editor = {},
    title = {Souveraineté des nations},
    booktitle = {Cinquante idées qui ébranlent le monde, Dictionnaire de la Glasnost},
    publisher = {},
    series = {},
    location = {},
    year = 1989,
    pagetotal = {5},
    language = {français},
    keywords = {dict-crh, crh-1989}
    }

@inreference{Pestre3393-1989,
    author = {Pestre, Dominique},
    editor = {},
    title = {La recherche en physique des particules},
    booktitle = {Dictionnaire encyclopédique Quillet},
    publisher = {},
    series = {},
    location = {},
    year = 1989,
    pagetotal = {5},
    language = {français},
    keywords = {dict-crh, crh-1989}
    }

@inreference{Revel3482-1986,
    author = {Revel, Jacques},
    editor = {A. Burguiere},
    title = {Foucault},
    booktitle = {Dictionnaire des Sciences Historiques},
    publisher = {PUF},
    series = {},
    location = {Paris},
    year = 1986,
    pagetotal = {3},
    language = {français},
    keywords = {dict-crh, crh-1986}
    }

@inreference{Revel3489-1988,
    author = {Revel, Jacques},
    editor = {F. Furet and M. Ozouf},
    title = {Grande Peur},
    booktitle = {Dictionnaire critique de la Révolution française},
    publisher = {Flammarion},
    series = {},
    location = {Paris},
    year = 1988,
    pagetotal = {7},
    language = {français},
    keywords = {dict-crh, crh-1988}
    }

@inreference{Revel3490-1988,
    author = {Revel, Jacques},
    editor = {F. Furet and M. Ozouf},
    title = {Marie-Antoinette},
    booktitle = {Dictionnaire critique de la Révolution française},
    publisher = {Flammarion},
    series = {},
    location = {Paris},
    year = 1988,
    pagetotal = {14},
    language = {français},
    keywords = {dict-crh, crh-1988}
    }

@inreference{Scherrer3516-1989,
    author = {Scherrer, Jutta},
    editor = {},
    title = {Socialisme},
    booktitle = {Dictionnaire de la glasnost},
    publisher = {},
    series = {},
    location = {},
    year = 1989,
    pagetotal = {4},
    language = {français},
    keywords = {dict-crh, crh-1989}
    }

@inreference{Schmitt3521-1986,
    author = {Schmitt, Jean-Claude},
    editor = {},
    title = {Gestes},
    booktitle = {Dictionnaire des sciences historiques},
    publisher = {PUF},
    series = {},
    location = {Paris},
    year = 1986,
    pagetotal = {5},
    language = {français},
    keywords = {dict-crh, crh-1986}
    }

@inreference{Schmitt3528-1986,
    author = {Schmitt, Jean-Claude},
    editor = {},
    title = {Magic and Folklore Western European},
    booktitle = {Dictionary of the Middle Ages t.VIII},
    publisher = {Ch. Scribner's sons},
    series = {},
    location = {New York},
    year = 1986,
    pagetotal = {7},
    language = {anglais},
    keywords = {dict-crh, crh-1986}
    }

@inreference{Valensi3589-1986,
    author = {Valensi, Lucette},
    editor = {},
    title = {Islam},
    booktitle = {Dictionnaire des sciences historiques},
    publisher = {PUF},
    series = {},
    location = {Paris},
    year = 1986,
    pagetotal = {3},
    language = {français},
    keywords = {dict-crh, crh-1986}
    }

@inreference{Halevi3623-1988,
    author = {Halevi, Ran-Yedid and P. Guéniffey},
    editor = {F. Furet and M. Ozouf},
    title = {Clubs et sociétés populaires},
    booktitle = {Dictionnaire critique de la Révolution française},
    publisher = {Flammarion},
    series = {},
    location = {Paris},
    year = 1988,
    pagetotal = {},
    language = {français},
    keywords = {dict-crh, crh-1988}
    }

@inreference{Halevi3624-1988,
    author = {Halevi, Ran-Yedid},
    editor = {F. Furet and M. Ozouf},
    title = {Etats Généraux},
    booktitle = {Dictionnaire critique de la Révolution française},
    publisher = {Flammarion},
    series = {},
    location = {Paris},
    year = 1988,
    pagetotal = {},
    language = {français},
    keywords = {dict-crh, crh-1988}
    }

@inreference{Halevi3625-1988,
    author = {Halevi, Ran-Yedid},
    editor = {F. Furet and M. Ozouf},
    title = {Monarchiens},
    booktitle = {Dictionnaire critique de la Révolution française},
    publisher = {Flammarion},
    series = {},
    location = {Paris},
    year = 1988,
    pagetotal = {},
    language = {français},
    keywords = {dict-crh, crh-1988}
    }

@inreference{Halevi3626-1988,
    author = {Halevi, Ran-Yedid},
    editor = {F. Furet and M. Ozouf},
    title = {Feuillants},
    booktitle = {Dictionnaire critique de la Révolution française},
    publisher = {Flammarion},
    series = {},
    location = {Paris},
    year = 1988,
    pagetotal = {},
    language = {français},
    keywords = {dict-crh, crh-1988}
    }

@inreference{Baschet3657-1991,
    author = {Baschet, Jérome and J. Le Goff},
    editor = {},
    title = {Anima},
    booktitle = {Encyclopedia dell'arte medievale},
    publisher = {},
    series = {},
    location = {},
    year = 1991,
    pagetotal = {12},
    language = {français},
    keywords = {dict-crh, crh-1991}
    }

@inreference{Guerreau4159-1990,
    author = {Guerreau, Alain},
    editor = {S. Auroux},
    title = {Féodalité},
    booktitle = {Encyclopédie philosophique universelle},
    publisher = {},
    series = {},
    location = {},
    year = 1990,
    pagetotal = {4},
    language = {français},
    keywords = {dict-crh, crh-1990}
    }

@inreference{LeBras4262-1990,
    author = {Le Bras, Hervé},
    editor = {},
    title = {Les lois de la migration},
    booktitle = {Encyclopédie de l'Economie},
    publisher = {},
    series = {},
    location = {},
    year = 1990,
    pagetotal = {57},
    language = {français},
    keywords = {dict-crh, crh-1990}
    }

@inreference{Ozouf4390-1992,
    author = {Ozouf, Mona},
    editor = {},
    title = {Le Saint-Just},
    booktitle = {Dictionnaire critique de la Révolution française, nouvelle édition},
    publisher = {Flammarion},
    series = {},
    location = {Paris},
    year = 1992,
    pagetotal = {22},
    language = {français},
    keywords = {dict-crh, crh-1992}
    }

@inreference{Ozouf4399-1992,
    author = {Ozouf-Marignier, Marie-Vic},
    editor = {A. Bailly and R. Ferras and D. Pumain},
    title = {Géographie et histoire},
    booktitle = {Encyclopédie de géographie},
    publisher = {},
    series = {},
    location = {},
    year = 1992,
    pagetotal = {15},
    language = {français},
    keywords = {dict-crh, crh-1992}
    }

@inreference{Revel4528-1992,
    author = {Revel, Jacques},
    editor = {F. Furet and M. Ozouf},
    title = {Monarchie absolue},
    booktitle = {Dictionnaire critique de la Révolution française, nouvelle édition},
    publisher = {Flammarion},
    series = {},
    location = {Paris},
    year = 1992,
    pagetotal = {22},
    language = {français},
    keywords = {dict-crh, crh-1992}
    }

@inreference{Revel4529-1992,
    author = {Revel, Jacques},
    editor = {F. Furet and M. Ozouf},
    title = {Idées},
    booktitle = {Dictionnaire critique de la Révolution française, nouvelle édition},
    publisher = {Flammarion},
    series = {},
    location = {Paris},
    year = 1992,
    pagetotal = {22},
    language = {français},
    keywords = {dict-crh, crh-1992}
    }

@inreference{Schmitt4578-1991,
    author = {Schmitt, Jean-Claude},
    editor = {P. Bonte and M. Izard},
    title = {L'anthropologie historique},
    booktitle = {Dictionnaire de l'ethnologie et de l'anthropologie},
    publisher = {},
    series = {},
    location = {},
    year = 1991,
    pagetotal = {2},
    language = {français},
    keywords = {dict-crh, crh-1991}
    }

@inreference{Andreau4737-1994,
    author = {Andreau, Jean},
    editor = {Ph. Levillain},
    title = {Banque et papauté (Antiquité)},
    booktitle = {Dictionnaire de la Papauté},
    publisher = {},
    series = {},
    location = {},
    year = 1994,
    pagetotal = {2},
    language = {français},
    keywords = {dict-crh, crh-1994}
    }

@inreference{Baschet4752-1994,
    author = {Baschet, Jérôme},
    editor = {},
    title = {Article 'Diavolo'},
    booktitle = {Enciclopedia dell'arte medievale},
    publisher = {},
    series = {},
    location = {},
    year = 1994,
    pagetotal = {7},
    language = {italien},
    keywords = {dict-crh, crh-1994}
    }

@inreference{Baschet4756-1995,
    author = {Baschet, Jérôme},
    editor = {},
    title = {Article 'Giobbe'},
    booktitle = {Enciclopedia dell'arte medievale,},
    publisher = {},
    series = {},
    location = {},
    year = 1995,
    pagetotal = {4},
    language = {italien},
    keywords = {dict-crh, crh-1995}
    }

@inreference{Berlioz4791-1997,
    author = {Berlioz, Jacques},
    editor = {},
    title = {Article 'Kröte'},
    booktitle = {Enzyklopädies des Märchens},
    publisher = {},
    series = {},
    location = {Göttingen},
    year = 1997,
    pagetotal = {},
    language = {allemand},
    keywords = {dict-crh, crh-1997}
    }

@inreference{Berlioz4792-1997,
    author = {Berlioz, Jacques},
    editor = {},
    title = {Article 'Robert le Diable'},
    booktitle = {Lexikon des Mittelalters},
    publisher = {},
    series = {},
    location = {Munich},
    year = 1997,
    pagetotal = {},
    language = {allemand},
    keywords = {dict-crh, crh-1997}
    }

@inreference{Berlioz4795-1997,
    author = {Berlioz, Jacques},
    editor = {J. Le Goff and J.-Cl. Schmitt},
    title = {Articles 'Calamités et fléaux'},
    booktitle = {Dictionnaire raisonné du Moyen Age},
    publisher = {},
    series = {},
    location = {},
    year = 1997,
    pagetotal = {},
    language = {français},
    keywords = {dict-crh, crh-1997}
    }

@inreference{Boureau4829-1994,
    author = {Boureau, Alain},
    editor = {},
    title = {Article 'Ginzburg (Carlo)'},
    booktitle = {Dictionnaire des auteurs},
    publisher = {},
    series = {},
    location = {},
    year = 1994,
    pagetotal = {5},
    language = {français},
    keywords = {dict-crh, crh-1994}
    }

@inreference{Boureau4830-1994,
    author = {Boureau, Alain},
    editor = {},
    title = {Article 'Kantorowicz (Ernst)'},
    booktitle = {Dictionnaire des auteurs},
    publisher = {},
    series = {},
    location = {},
    year = 1994,
    pagetotal = {5},
    language = {français},
    keywords = {dict-crh, crh-1994}
    }

@inreference{Boureau4831-1994,
    author = {Boureau, Alain},
    editor = {},
    title = {Article 'Le Goff (Jacques)'},
    booktitle = {Dictionnaire des auteurs},
    publisher = {},
    series = {},
    location = {},
    year = 1994,
    pagetotal = {5},
    language = {français},
    keywords = {dict-crh, crh-1994}
    }

@inreference{Boureau4832-1994,
    author = {Boureau, Alain},
    editor = {Ph. Levillain},
    title = {Article 'Papesse Jeanne'},
    booktitle = {Dictionnaire historique de la papauté},
    publisher = {},
    series = {},
    location = {},
    year = 1994,
    pagetotal = {3},
    language = {français},
    keywords = {dict-crh, crh-1994}
    }

@inreference{Boureau4834-1994,
    author = {Boureau, Alain},
    editor = {},
    title = {Article 'Civilisation de l'Occident Médiéval'},
    booktitle = {Dictionnaire des oeuvres},
    publisher = {},
    series = {},
    location = {},
    year = 1994,
    pagetotal = {1595},
    language = {français},
    keywords = {dict-crh, crh-1994}
    }

@inreference{Boureau4835-1994,
    author = {Boureau, Alain},
    editor = {},
    title = {Article 'Fromage et les Vers (Le) '},
    booktitle = {Dictionnaire des oeuvres},
    publisher = {},
    series = {},
    location = {},
    year = 1994,
    pagetotal = {1595},
    language = {français},
    keywords = {dict-crh, crh-1994}
    }

@inreference{Boureau4836-1994,
    author = {Boureau, Alain},
    editor = {},
    title = {Article 'Deux Corps du Roi (Les)'},
    booktitle = {Dictionnaire des oeuvres},
    publisher = {},
    series = {},
    location = {},
    year = 1994,
    pagetotal = {1595},
    language = {français},
    keywords = {dict-crh, crh-1994}
    }

@inreference{Burguière4868-1997,
    author = {Burguière, André},
    editor = {J. Julliard and M. Winock},
    title = {Article 'Louis Dumont'},
    booktitle = {Dictionnaire des intellectuels français},
    publisher = {},
    series = {},
    location = {},
    year = 1997,
    pagetotal = {2},
    language = {français},
    keywords = {dict-crh, crh-1997}
    }

@inreference{Burguière4869-1997,
    author = {Burguière, André},
    editor = {J. Julliard and M. Winock},
    title = {Article 'Edgar Morin'},
    booktitle = {Dictionnaire des intellectuels français},
    publisher = {},
    series = {},
    location = {},
    year = 1997,
    pagetotal = {2},
    language = {français},
    keywords = {dict-crh, crh-1997}
    }

@inreference{Carrié4873-1994,
    author = {Carrié, Jean-Michel},
    editor = {Ph. Levillain},
    title = {Article 'Alexandrie'},
    booktitle = {Dictionnaire historique de la Papauté},
    publisher = {},
    series = {},
    location = {},
    year = 1994,
    pagetotal = {5},
    language = {français},
    keywords = {dict-crh, crh-1994}
    }

@inreference{Chartier4960-1996,
    author = {Chartier, Roger},
    editor = {J. Julliard and M. Winock},
    title = {Article 'Ariès (Philippe)'},
    booktitle = {Dictionnaire des intellectuels français. Les personnes. Les lieux. Les moments},
    publisher = {},
    series = {},
    location = {},
    year = 1996,
    pagetotal = {3},
    language = {français},
    keywords = {dict-crh, crh-1996}
    }

@inreference{Chartier4965-1997,
    author = {Chartier, Roger},
    editor = {L. Bélky},
    title = {Articles 'Lecture'},
    booktitle = {Dictionnaire de l'Ancien Régime. Royaume de France XVIe-XVIIIe siècle},
    publisher = {},
    series = {},
    location = {},
    year = 1997,
    pagetotal = {2},
    language = {français},
    keywords = {dict-crh, crh-1997}
    }

@inreference{Chartier4966-1997,
    author = {Chartier, Roger},
    editor = {L. Bélky},
    title = {Articles 'Opinion publique'},
    booktitle = {Dictionnaire de l'Ancien Régime. Royaume de France XVIe-XVIIIe siècle},
    publisher = {},
    series = {},
    location = {},
    year = 1997,
    pagetotal = {2},
    language = {français},
    keywords = {dict-crh, crh-1997}
    }

@inreference{Dewerpe5082-1994,
    author = {Dewerpe, Alain},
    editor = {},
    title = {L'usine, univers ouvrier},
    booktitle = {Encyclopédie Axis,},
    publisher = {},
    series = {},
    location = {},
    year = 1994,
    pagetotal = {4},
    language = {français},
    keywords = {dict-crh, crh-1994}
    }

@inreference{Emptoz5090-1994,
    author = {Emptoz, Gérard},
    editor = {Cl. Fontanon and A. Grelon},
    title = {Jacques Ebelmen (1814-1852), professeur de céramique},
    booktitle = {Dictionnaire biographique des Professeurs du Conservatoire national des arts et métiers},
    publisher = {},
    series = {},
    location = {},
    year = 1994,
    pagetotal = {10},
    language = {français},
    keywords = {dict-crh, crh-1994}
    }

@inreference{Emptoz5091-1994,
    author = {Emptoz, Gérard},
    editor = {},
    title = {Emile Fleurent (1865-1938), professeur de chimie industrielle},
    booktitle = {Dictionnaire biographique des Professeurs du Conservatoire national des arts et métiers, ibid.,},
    publisher = {},
    series = {},
    location = {},
    year = 1994,
    pagetotal = {6},
    language = {français},
    keywords = {dict-crh, crh-1994}
    }

@inreference{Emptoz5092-1994,
    author = {Emptoz, Gérard},
    editor = {},
    title = {Victor de Luynes (1828-1904), professeur de chimie appliquée à la teinture, impression et céramique},
    booktitle = {Dictionnaire biographique des Professeurs du Conservatoire national des arts et métiers, ibid.,},
    publisher = {},
    series = {},
    location = {},
    year = 1994,
    pagetotal = {8},
    language = {français},
    keywords = {dict-crh, crh-1994}
    }

@inreference{Fontaine5137-1996,
    author = {Fontaine, Laurence},
    editor = {Lucien Bély},
    title = {Article 'Colporteurs, colportage'},
    booktitle = {Dictionnaire de l'Ancien Régime},
    publisher = {},
    series = {},
    location = {},
    year = 1996,
    pagetotal = {},
    language = {français},
    keywords = {dict-crh, crh-1996}
    }

@inreference{Fontaine5138-1996,
    author = {Fontaine, Laurence},
    editor = {Lucien Bély},
    title = {Article 'crédit'},
    booktitle = {Dictionnaire de l'Ancien Régime},
    publisher = {},
    series = {},
    location = {},
    year = 1996,
    pagetotal = {},
    language = {français},
    keywords = {dict-crh, crh-1996}
    }

@inreference{Fontanon5145-1994,
    author = {Fontanon, Claudine},
    editor = {Cl. Fontanon and A. Grelon},
    title = {Le Conservatoire des arts et métiers. Deux siècles d'histoire},
    booktitle = {Dictionnaire biographique des Professeurs du Conservatoire national des arts et métiers},
    publisher = {},
    series = {},
    location = {},
    year = 1994,
    pagetotal = {35},
    language = {français},
    keywords = {dict-crh, crh-1994}
    }

@inreference{Fontanon5146-1994,
    author = {Fontanon, Claudine and M. Carbonnel},
    editor = {},
    title = {Laussedat, Aimé (1819-1907)},
    booktitle = {Dictionnaire biographique des Professeurs du Conservatoire national des arts et métiers, ibid.,},
    publisher = {},
    series = {},
    location = {},
    year = 1994,
    pagetotal = {14},
    language = {français},
    keywords = {dict-crh, crh-1994}
    }

@inreference{Fontanon5147-1994,
    author = {Fontanon, Claudine},
    editor = {},
    title = {Morin, Arthur (1794-1880)},
    booktitle = {Dictionnaire biographique des Professeurs du Conservatoire national des arts et métiers, ibid.,},
    publisher = {},
    series = {},
    location = {},
    year = 1994,
    pagetotal = {11},
    language = {français},
    keywords = {dict-crh, crh-1994}
    }

@inreference{Dauphin5183-1978,
    author = {Dauphin-Memeteau, Cécile},
    editor = {J.Le Goff and R.Chartier and J.Revel},
    title = {Femmes},
    booktitle = {La nouvelle histoire},
    publisher = {Retz},
    series = {},
    location = {Paris},
    year = 1978,
    pagetotal = {5},
    language = {français},
    keywords = {dict-crh, crh-1978}
    }

@inreference{Giard5186-1994,
    author = {Giard, Luce},
    editor = {},
    title = {Article 'Réponse'},
    booktitle = {La culture des gens,},
    publisher = {},
    series = {},
    location = {Aix-en-Provence},
    year = 1994,
    pagetotal = {8},
    language = {français},
    keywords = {dict-crh, crh-1994}
    }

@inreference{Giard5187-1994,
    author = {Giard, Luce},
    editor = {},
    title = {Article 'Synthèse'},
    booktitle = {La culture des gens,},
    publisher = {},
    series = {},
    location = {Aix-en-Provence},
    year = 1994,
    pagetotal = {4},
    language = {français},
    keywords = {dict-crh, crh-1994}
    }

@inreference{Giard5190-1996,
    author = {Giard, Luce},
    editor = {H. Stammerjohann},
    title = {Henri II Estienne},
    booktitle = {Lexicon grammaticorum,},
    publisher = {},
    series = {},
    location = {Tübingen},
    year = 1996,
    pagetotal = {2},
    language = {français},
    keywords = {dict-crh, crh-1996}
    }

@inreference{Giard5191-1996,
    author = {Giard, Luce},
    editor = {H. Stammerjohann},
    title = {Petrus Ramus},
    booktitle = {Lexicon grammaticorum,},
    publisher = {},
    series = {},
    location = {Tübingen},
    year = 1996,
    pagetotal = {2},
    language = {allemand},
    keywords = {dict-crh, crh-1996}
    }

@inreference{Hartog5239-1996,
    author = {Hartog, François},
    editor = {Ph. Raynaud and St. Rials},
    title = {Article 'La cité'},
    booktitle = {Dictionnaire de philosophie politique},
    publisher = {},
    series = {},
    location = {},
    year = 1996,
    pagetotal = {},
    language = {français},
    keywords = {dict-crh, crh-1996}
    }

@inreference{Julliard5268-1995,
    author = {Julliard, Jacques},
    editor = {},
    title = {Préface},
    booktitle = {Encyclopédie Bordas,},
    publisher = {Bordas},
    series = {},
    location = {Paris},
    year = 1995,
    pagetotal = {4},
    language = {français},
    keywords = {dict-crh, crh-1995}
    }

@inreference{Burguiere5350-1978,
    author = {Burguiere, André},
    editor = {J.Le Goff and R.Chartier and J.Revel},
    title = {L'anthropologie historique},
    booktitle = {La nouvelle histoire},
    publisher = {Retz},
    series = {},
    location = {Paris},
    year = 1978,
    pagetotal = {25},
    language = {français},
    keywords = {dict-crh, crh-1978}
    }

@inreference{Mouradian5360-1995,
    author = {Mouradian, Claire},
    editor = {},
    title = {Article 'Arménie'},
    booktitle = {La Mémoire du siècle},
    publisher = {Bordas},
    series = {},
    location = {Paris},
    year = 1995,
    pagetotal = {},
    language = {français},
    keywords = {dict-crh, crh-1995}
    }

@inreference{Mouradian5361-1995,
    author = {Mouradian, Claire},
    editor = {},
    title = {Article 'Géorgie'},
    booktitle = {La Mémoire du siècle},
    publisher = {Bordas},
    series = {},
    location = {Paris},
    year = 1995,
    pagetotal = {},
    language = {français},
    keywords = {dict-crh, crh-1995}
    }

@inreference{Mouradian5362-1995,
    author = {Mouradian, Claire},
    editor = {},
    title = {Article 'Azerbaïdjan'},
    booktitle = {La Mémoire du siècle},
    publisher = {Bordas},
    series = {},
    location = {Paris},
    year = 1995,
    pagetotal = {},
    language = {français},
    keywords = {dict-crh, crh-1995}
    }

@inreference{Mouradian5363-1995,
    author = {Mouradian, Claire},
    editor = {},
    title = {Article 'Biélorussie'},
    booktitle = {La Mémoire du siècle},
    publisher = {Bordas},
    series = {},
    location = {Paris},
    year = 1995,
    pagetotal = {},
    language = {français},
    keywords = {dict-crh, crh-1995}
    }

@inreference{Mouradian5364-1995,
    author = {Mouradian, Claire},
    editor = {},
    title = {Article 'Moldavie'},
    booktitle = {La Mémoire du siècle},
    publisher = {Bordas},
    series = {},
    location = {Paris},
    year = 1995,
    pagetotal = {},
    language = {français},
    keywords = {dict-crh, crh-1995}
    }

@inreference{Mouradian5365-1995,
    author = {Mouradian, Claire},
    editor = {},
    title = {Article 'Ukraine'},
    booktitle = {La Mémoire du siècle},
    publisher = {Bordas},
    series = {},
    location = {Paris},
    year = 1995,
    pagetotal = {},
    language = {français},
    keywords = {dict-crh, crh-1995}
    }

@inreference{Mouradian5366-1995,
    author = {Mouradian, Claire},
    editor = {},
    title = {Article 'URSS-CEI'},
    booktitle = {La Mémoire du siècle},
    publisher = {Bordas},
    series = {},
    location = {Paris},
    year = 1995,
    pagetotal = {},
    language = {français},
    keywords = {dict-crh, crh-1995}
    }

@inreference{Mouradian5367-1995,
    author = {Mouradian, Claire},
    editor = {},
    title = {Article  'Russie'},
    booktitle = {La Mémoire du siècle},
    publisher = {Bordas},
    series = {},
    location = {Paris},
    year = 1995,
    pagetotal = {},
    language = {français},
    keywords = {dict-crh, crh-1995}
    }

@inreference{Netter5370-1996,
    author = {Netter, Marie-Laurence},
    editor = {J. Julliard and M. Winock},
    title = {Article 'Brunetière'},
    booktitle = {Dictionnaire des intellectuels,},
    publisher = {},
    series = {},
    location = {},
    year = 1996,
    pagetotal = {},
    language = {français},
    keywords = {dict-crh, crh-1996}
    }

@inreference{Nordman5389-1996,
    author = {Nordman, Daniel},
    editor = {L. Bély},
    title = {Article 'Les cartes'},
    booktitle = {Dictionnaire de l'Ancien Régime},
    publisher = {},
    series = {},
    location = {},
    year = 1996,
    pagetotal = {},
    language = {français},
    keywords = {dict-crh, crh-1996}
    }

@inreference{Nordman5390-1996,
    author = {Nordman, Daniel},
    editor = {L. Bély},
    title = {Article 'Espace français'},
    booktitle = {Dictionnaire de l'Ancien Régime},
    publisher = {},
    series = {},
    location = {},
    year = 1996,
    pagetotal = {},
    language = {français},
    keywords = {dict-crh, crh-1996}
    }

@inreference{Nordman5391-1996,
    author = {Nordman, Daniel},
    editor = {L. Bély},
    title = {Article 'Territoire'},
    booktitle = {Dictionnaire de l'Ancien Régime},
    publisher = {},
    series = {},
    location = {},
    year = 1996,
    pagetotal = {},
    language = {français},
    keywords = {dict-crh, crh-1996}
    }

@inreference{Nordman5392-1996,
    author = {Nordman, Daniel},
    editor = {L. Bély},
    title = {Article 'Frontières'},
    booktitle = {Dictionnaire de l'Ancien Régime},
    publisher = {},
    series = {},
    location = {},
    year = 1996,
    pagetotal = {},
    language = {français},
    keywords = {dict-crh, crh-1996}
    }

@inreference{Nordman5393-1996,
    author = {Nordman, Daniel},
    editor = {L. Bély},
    title = {Article 'Sauf-conduits et passeports'},
    booktitle = {Dictionnaire de l'Ancien Régime},
    publisher = {},
    series = {},
    location = {},
    year = 1996,
    pagetotal = {},
    language = {français},
    keywords = {dict-crh, crh-1996}
    }

@inreference{Ozouf5395-1994,
    author = {Ozouf, Mona},
    editor = {},
    title = {Article 'Giacobinismo'},
    booktitle = {Encyclopedia italiana,},
    publisher = {},
    series = {},
    location = {},
    year = 1994,
    pagetotal = {},
    language = {italien},
    keywords = {dict-crh, crh-1994}
    }

@inreference{Ozouf5396-1994,
    author = {Ozouf, Mona},
    editor = {},
    title = {Article 'storia di una societa'},
    booktitle = {Encyclopedia italiana,},
    publisher = {},
    series = {},
    location = {},
    year = 1994,
    pagetotal = {},
    language = {italien},
    keywords = {dict-crh, crh-1994}
    }

@inreference{Ozouf5397-1994,
    author = {Ozouf, Mona},
    editor = {},
    title = {Article 'l'extensione di un concetto'},
    booktitle = {Encyclopedia italiana,},
    publisher = {},
    series = {},
    location = {},
    year = 1994,
    pagetotal = {},
    language = {italien},
    keywords = {dict-crh, crh-1994}
    }

@inreference{Ozouf5398-1994,
    author = {Ozouf, Mona},
    editor = {},
    title = {Article 'la forza di una traditiona'},
    booktitle = {Encyclopedia italiana,},
    publisher = {},
    series = {},
    location = {},
    year = 1994,
    pagetotal = {},
    language = {italien},
    keywords = {dict-crh, crh-1994}
    }

@inreference{PoloDeBeaulieu5432-1993,
    author = {Polo De Beaulieu, Marie-Anne},
    editor = {J.M. Grassin},
    title = {Article 'Exemplum'},
    booktitle = {Encyclopédie électronique de la Science Littéraire},
    publisher = {},
    series = {},
    location = {},
    year = 1993,
    pagetotal = {},
    language = {français},
    keywords = {dict-crh, crh-1993}
    }

@inreference{Pomian5446-1995,
    author = {Pomian, Krzysztof},
    editor = {J.-P. Azéma and F. Bédarida},
    title = {Totalitarisme},
    booktitle = {1938-1948 Les années de tourmente. Dictionnaire critique},
    publisher = {},
    series = {},
    location = {},
    year = 1995,
    pagetotal = {10},
    language = {français},
    keywords = {dict-crh, crh-1995}
    }

@inreference{Sigaut5572-1994,
    author = {Sigaut, François},
    editor = {T. Ingold},
    title = {Article 'Technology'},
    booktitle = {Companion Encyclopedia of Anthropology},
    publisher = {},
    series = {},
    location = {},
    year = 1994,
    pagetotal = {40},
    language = {anglais},
    keywords = {dict-crh, crh-1994}
    }

@inreference{Revel5663-1992,
    author = {Revel, Jacques},
    editor = {F. Furet and M. Ozouf},
    title = {Monarchie absolue},
    booktitle = {Dictionnaire critique de la Révolution française (2e édition)},
    publisher = {Flammarion},
    series = {},
    location = {Paris},
    year = 1992,
    pagetotal = {},
    language = {français},
    keywords = {dict-crh, crh-1992}
    }

@inreference{Chaussinand5668-1986,
    author = {Chaussinand-Nogaret, Guy},
    editor = {A.Burguière},
    title = {Biographie (histoire)},
    booktitle = {Dictionnaire des sciences historiques},
    publisher = {PUF},
    series = {},
    location = {Paris},
    year = 1986,
    pagetotal = {},
    language = {français},
    keywords = {dict-crh, crh-1986}
    }

@inreference{Aymard5669-1986,
    author = {Aymard, Maurice},
    editor = {A.Burguière},
    title = {Braudel Fernand},
    booktitle = {Dictionnaire des sciences historiques},
    publisher = {PUF},
    series = {},
    location = {Paris},
    year = 1986,
    pagetotal = {},
    language = {français},
    keywords = {dict-crh, crh-1986}
    }

@inreference{Ferro5670-1986,
    author = {Ferro, Marc},
    editor = {A.Burguière},
    title = {Cinéma et histoire},
    booktitle = {Dictionnaire des sciences historiques},
    publisher = {PUF},
    series = {},
    location = {Paris},
    year = 1986,
    pagetotal = {},
    language = {français},
    keywords = {dict-crh, crh-1986}
    }

@inreference{LeRoyLadurie5671-1986,
    author = {Le Roy Ladurie, Emmanuel},
    editor = {A.Burguière},
    title = {Climat},
    booktitle = {Dictionnaire des sciences historiques},
    publisher = {PUF},
    series = {},
    location = {Paris},
    year = 1986,
    pagetotal = {},
    language = {français},
    keywords = {dict-crh, crh-1986}
    }

@inreference{Aymard5672-1986,
    author = {Aymard, Maurice},
    editor = {A.Burguière},
    title = {Crise},
    booktitle = {Dictionnaire des sciences historiques},
    publisher = {PUF},
    series = {},
    location = {Paris},
    year = 1986,
    pagetotal = {},
    language = {français},
    keywords = {dict-crh, crh-1986}
    }

@inreference{Aymard5673-1986,
    author = {Aymard, Maurice},
    editor = {A.Burguière},
    title = {Croissance},
    booktitle = {Dictionnaire des sciences historiques},
    publisher = {PUF},
    series = {},
    location = {Paris},
    year = 1986,
    pagetotal = {},
    language = {français},
    keywords = {dict-crh, crh-1986}
    }

@inreference{Chaussinand5674-1986,
    author = {Chaussinand-Nogaret, Guy},
    editor = {A.Burguière},
    title = {Elites},
    booktitle = {Dictionnaire des sciences historiques},
    publisher = {PUF},
    series = {},
    location = {Paris},
    year = 1986,
    pagetotal = {},
    language = {français},
    keywords = {dict-crh, crh-1986}
    }

@inreference{Ferro5675-1986,
    author = {Ferro, Marc},
    editor = {A.Burguière},
    title = {Enseignement de l'histoire et identité nationale},
    booktitle = {Dictionnaire des sciences historiques},
    publisher = {PUF},
    series = {},
    location = {Paris},
    year = 1986,
    pagetotal = {},
    language = {français},
    keywords = {dict-crh, crh-1986}
    }

@inreference{Bergeron5676-1986,
    author = {Bergeron, Louis},
    editor = {A.Burguière},
    title = {Entreprises},
    booktitle = {Dictionnaire des sciences historiques},
    publisher = {PUF},
    series = {},
    location = {Paris},
    year = 1986,
    pagetotal = {},
    language = {français},
    keywords = {dict-crh, crh-1986}
    }

@inreference{Aymard5677-1986,
    author = {Aymard, Maurice and C.Vivanti},
    editor = {A.Burguière},
    title = {Historiens italiens},
    booktitle = {Dictionnaire des sciences historiques},
    publisher = {PUF},
    series = {},
    location = {Paris},
    year = 1986,
    pagetotal = {},
    language = {français},
    keywords = {dict-crh, crh-1986}
    }

@inreference{Nora5678-1986,
    author = {Nora, Pierre},
    editor = {A.Burguière},
    title = {Histoire nationale},
    booktitle = {Dictionnaire des sciences historiques},
    publisher = {PUF},
    series = {},
    location = {Paris},
    year = 1986,
    pagetotal = {},
    language = {français},
    keywords = {dict-crh, crh-1986}
    }

@inreference{Beck5679-1986,
    author = {Beck, Patrice},
    editor = {A.Burguière},
    title = {Onomastique},
    booktitle = {Dictionnaire des sciences historiques},
    publisher = {PUF},
    series = {},
    location = {Paris},
    year = 1986,
    pagetotal = {},
    language = {français},
    keywords = {dict-crh, crh-1986}
    }

@inreference{Woronoff5680-1986,
    author = {Woronoff, Denis},
    editor = {A.Burguière},
    title = {Proto-industrialisation},
    booktitle = {Dictionnaire des sciences historiques},
    publisher = {PUF},
    series = {},
    location = {Paris},
    year = 1986,
    pagetotal = {},
    language = {français},
    keywords = {dict-crh, crh-1986}
    }

@inreference{Woronoff5681-1986,
    author = {Woronoff, Denis},
    editor = {A.Burguière},
    title = {Révolution française},
    booktitle = {Dictionnaire des sciences historiques},
    publisher = {PUF},
    series = {},
    location = {Paris},
    year = 1986,
    pagetotal = {},
    language = {français},
    keywords = {dict-crh, crh-1986}
    }

@inreference{Ferro5682-1986,
    author = {Ferro, Marc},
    editor = {A.Burguière},
    title = {Révolution d'octobre},
    booktitle = {Dictionnaire des sciences historiques},
    publisher = {PUF},
    series = {},
    location = {Paris},
    year = 1986,
    pagetotal = {},
    language = {français},
    keywords = {dict-crh, crh-1986}
    }

@inreference{Aymard5683-1986,
    author = {Aymard, Maurice},
    editor = {A.Burguière},
    title = {Structures},
    booktitle = {Dictionnaire des sciences historiques},
    publisher = {PUF},
    series = {},
    location = {Paris},
    year = 1986,
    pagetotal = {},
    language = {français},
    keywords = {dict-crh, crh-1986}
    }

@inreference{Aymard5684-1986,
    author = {Aymard, Maurice},
    editor = {A.Burguière},
    title = {Vico Giambattista},
    booktitle = {Dictionnaire des sciences historiques},
    publisher = {PUF},
    series = {},
    location = {Paris},
    year = 1986,
    pagetotal = {},
    language = {français},
    keywords = {dict-crh, crh-1986}
    }

@inreference{Revel5685-1978,
    author = {Revel, Jacques},
    editor = {J.Le Goff and R.Chartier and J.Revel},
    title = {Alimentation},
    booktitle = {La nouvelle histoire},
    publisher = {Retz},
    series = {},
    location = {Paris},
    year = 1978,
    pagetotal = {2},
    language = {français},
    keywords = {dict-crh, crh-1978}
    }

@inreference{Revel5686-1978,
    author = {Revel, Jacques and R.Chartier},
    editor = {J.Le Goff and R.Chartier and J.Revel},
    title = {Annales},
    booktitle = {La nouvelle histoire},
    publisher = {Retz},
    series = {},
    location = {Paris},
    year = 1978,
    pagetotal = {6},
    language = {français},
    keywords = {dict-crh, crh-1978}
    }

@inreference{Chartier5687-1978,
    author = {Chartier, Roger and J.Revel},
    editor = {},
    title = {Annales},
    booktitle = {La nouvelle histoire},
    publisher = {Retz},
    series = {},
    location = {Paris},
    year = 1978,
    pagetotal = {6},
    language = {français},
    keywords = {dict-crh, crh-1978}
    }

@inreference{Valensi5688-1978,
    author = {Valensi, Lucette},
    editor = {J.Le Goff and R.Chartier and J.Revel},
    title = {Anthropologie économique},
    booktitle = {La nouvelle histoire},
    publisher = {Retz},
    series = {},
    location = {Paris},
    year = 1978,
    pagetotal = {4},
    language = {français},
    keywords = {dict-crh, crh-1978}
    }

@inreference{Chartier5689-1978,
    author = {Chartier, Roger},
    editor = {J.Le Goff and R.Chartier and J.Revel},
    title = {Archéologie industrielle},
    booktitle = {La nouvelle histoire},
    publisher = {Retz},
    series = {},
    location = {Paris},
    year = 1978,
    pagetotal = {2},
    language = {français},
    keywords = {dict-crh, crh-1978}
    }

@inreference{Revel5690-1978,
    author = {Revel, Jacques},
    editor = {J.Le Goff and R.Chartier and J.Revel},
    title = {Henri Berr},
    booktitle = {La nouvelle histoire},
    publisher = {Retz},
    series = {},
    location = {Paris},
    year = 1978,
    pagetotal = {2},
    language = {français},
    keywords = {dict-crh, crh-1978}
    }

@inreference{Aymard5691-1978,
    author = {Aymard, Maurice},
    editor = {J.Le Goff and R.Chartier and J.Revel},
    title = {Fernand Braudel},
    booktitle = {La nouvelle histoire},
    publisher = {Retz},
    series = {},
    location = {Paris},
    year = 1978,
    pagetotal = {4},
    language = {français},
    keywords = {dict-crh, crh-1978}
    }

@inreference{Revel5692-1978,
    author = {Revel, Jacques},
    editor = {J.Le Goff and R.Chartier and J.Revel},
    title = {Climat},
    booktitle = {La nouvelle histoire},
    publisher = {Retz},
    series = {},
    location = {Paris},
    year = 1978,
    pagetotal = {2},
    language = {français},
    keywords = {dict-crh, crh-1978}
    }

@inreference{Revel5693-1978,
    author = {Revel, Jacques},
    editor = {J.Le Goff and R.Chartier and J.Revel},
    title = {Corps},
    booktitle = {La nouvelle histoire},
    publisher = {Retz},
    series = {},
    location = {Paris},
    year = 1978,
    pagetotal = {3},
    language = {français},
    keywords = {dict-crh, crh-1978}
    }

@inreference{Aymard5694-1978,
    author = {Aymard, Maurice},
    editor = {J.Le Goff and R.Chartier and J.Revel},
    title = {Crise},
    booktitle = {La nouvelle histoire},
    publisher = {Retz},
    series = {},
    location = {Paris},
    year = 1978,
    pagetotal = {3},
    language = {français},
    keywords = {dict-crh, crh-1978}
    }

@inreference{Aymard5695-1978,
    author = {Aymard, Maurice},
    editor = {J.Le Goff and R.Chartier and J.Revel},
    title = {Croissance, développement},
    booktitle = {La nouvelle histoire},
    publisher = {Retz},
    series = {},
    location = {Paris},
    year = 1978,
    pagetotal = {4},
    language = {français},
    keywords = {dict-crh, crh-1978}
    }

@inreference{Revel5696-1978,
    author = {Revel, Jacques},
    editor = {J.Le Goff and R.Chartier and J.Revel},
    title = {Démographie historique},
    booktitle = {La nouvelle histoire},
    publisher = {Retz},
    series = {},
    location = {Paris},
    year = 1978,
    pagetotal = {6},
    language = {français},
    keywords = {dict-crh, crh-1978}
    }

@inreference{Aymard5697-1978,
    author = {Aymard, Maurice},
    editor = {J.Le Goff and R.Chartier and J.Revel},
    title = {Histoire économique},
    booktitle = {La nouvelle histoire},
    publisher = {Retz},
    series = {},
    location = {Paris},
    year = 1978,
    pagetotal = {6},
    language = {français},
    keywords = {dict-crh, crh-1978}
    }

@inreference{Chartier5698-1978,
    author = {Chartier, Roger},
    editor = {J.Le Goff and R.Chartier and J.Revel},
    title = {Education},
    booktitle = {La nouvelle histoire},
    publisher = {Retz},
    series = {},
    location = {Paris},
    year = 1978,
    pagetotal = {3},
    language = {français},
    keywords = {dict-crh, crh-1978}
    }

@inreference{Revel5699-1978,
    author = {Revel, Jacques},
    editor = {J.Le Goff and R.Chartier and J.Revel},
    title = {Enquête},
    booktitle = {La nouvelle histoire},
    publisher = {Retz},
    series = {},
    location = {Paris},
    year = 1978,
    pagetotal = {2},
    language = {français},
    keywords = {dict-crh, crh-1978}
    }

@inreference{Revel5700-1978,
    author = {Revel, Jacques},
    editor = {J.Le Goff and R.Chartier and J.Revel},
    title = {Evénement},
    booktitle = {La nouvelle histoire},
    publisher = {Retz},
    series = {},
    location = {Paris},
    year = 1978,
    pagetotal = {2},
    language = {français},
    keywords = {dict-crh, crh-1978}
    }

@inreference{Chartier5701-1978,
    author = {Chartier, Roger},
    editor = {J.Le Goff and R.Chartier and J.Revel},
    title = {Lucien Febvre},
    booktitle = {La nouvelle histoire},
    publisher = {Retz},
    series = {},
    location = {Paris},
    year = 1978,
    pagetotal = {4},
    language = {français},
    keywords = {dict-crh, crh-1978}
    }

@inreference{LeGoff5702-1978,
    author = {Le Goff, Jacques},
    editor = {J.Le Goff and R.Chartier and J.Revel},
    title = {L'histoire nouvelle},
    booktitle = {La nouvelle histoire},
    publisher = {Retz},
    series = {},
    location = {Paris},
    year = 1978,
    pagetotal = {32},
    language = {français},
    keywords = {dict-crh, crh-1978}
    }

@inreference{LeGoff5703-1978,
    author = {Le Goff, Jacques},
    editor = {J.Le Goff and R.Chartier and J.Revel},
    title = {Johan Huizinga},
    booktitle = {La nouvelle histoire},
    publisher = {Retz},
    series = {},
    location = {Paris},
    year = 1978,
    pagetotal = {4},
    language = {français},
    keywords = {dict-crh, crh-1978}
    }

@inreference{Ferro5704-1978,
    author = {Ferro, Marc},
    editor = {J.Le Goff and R.Chartier and J.Revel},
    title = {Image},
    booktitle = {La nouvelle histoire},
    publisher = {Retz},
    series = {},
    location = {Paris},
    year = 1978,
    pagetotal = {3},
    language = {français},
    keywords = {dict-crh, crh-1978}
    }

@inreference{Aymard5705-1978,
    author = {Aymard, Maurice},
    editor = {J.Le Goff and R.Chartier and J.Revel},
    title = {Ernest Labrousse},
    booktitle = {La nouvelle histoire},
    publisher = {Retz},
    series = {},
    location = {Paris},
    year = 1978,
    pagetotal = {3},
    language = {français},
    keywords = {dict-crh, crh-1978}
    }

@inreference{Chartier5706-1978,
    author = {Chartier, Roger},
    editor = {J.Le Goff and R.Chartier and J.Revel},
    title = {Livre},
    booktitle = {La nouvelle histoire},
    publisher = {Retz},
    series = {},
    location = {Paris},
    year = 1978,
    pagetotal = {3},
    language = {français},
    keywords = {dict-crh, crh-1978}
    }

@inreference{Chartier5707-1978,
    author = {Chartier, Roger},
    editor = {J.Le Goff and R.Chartier and J.Revel},
    title = {Outillage mental},
    booktitle = {La nouvelle histoire},
    publisher = {Retz},
    series = {},
    location = {Paris},
    year = 1978,
    pagetotal = {5},
    language = {français},
    keywords = {dict-crh, crh-1978}
    }

@inreference{Chartier5708-1978,
    author = {Chartier, Roger},
    editor = {J.Le Goff and R.Chartier and J.Revel},
    title = {Henri Pirenne},
    booktitle = {La nouvelle histoire},
    publisher = {Retz},
    series = {},
    location = {Paris},
    year = 1978,
    pagetotal = {2},
    language = {français},
    keywords = {dict-crh, crh-1978}
    }

@inreference{Chartier5709-1978,
    author = {Chartier, Roger},
    editor = {J.Le Goff and R.Chartier and J.Revel},
    title = {Populaire},
    booktitle = {La nouvelle histoire},
    publisher = {Retz},
    series = {},
    location = {Paris},
    year = 1978,
    pagetotal = {2},
    language = {français},
    keywords = {dict-crh, crh-1978}
    }

@inreference{Chartier5710-1978,
    author = {Chartier, Roger},
    editor = {J.Le Goff and R.Chartier and J.Revel},
    title = {Histoire positiviste},
    booktitle = {La nouvelle histoire},
    publisher = {Retz},
    series = {},
    location = {Paris},
    year = 1978,
    pagetotal = {2},
    language = {français},
    keywords = {dict-crh, crh-1978}
    }

@inreference{Aymard5711-1978,
    author = {Aymard, Maurice},
    editor = {J.Le Goff and R.Chartier and J.Revel},
    title = {Prix},
    booktitle = {La nouvelle histoire},
    publisher = {Retz},
    series = {},
    location = {Paris},
    year = 1978,
    pagetotal = {3},
    language = {français},
    keywords = {dict-crh, crh-1978}
    }

@inreference{Revel5712-1978,
    author = {Revel, Jacques},
    editor = {J.Le Goff and R.Chartier and J.Revel},
    title = {Prospective},
    booktitle = {La nouvelle histoire},
    publisher = {Retz},
    series = {},
    location = {Paris},
    year = 1978,
    pagetotal = {2},
    language = {français},
    keywords = {dict-crh, crh-1978}
    }

@inreference{Chartier5713-1978,
    author = {Chartier, Roger},
    editor = {J.Le Goff and R.Chartier and J.Revel},
    title = {Révolution},
    booktitle = {La nouvelle histoire},
    publisher = {Retz},
    series = {},
    location = {Paris},
    year = 1978,
    pagetotal = {5},
    language = {français},
    keywords = {dict-crh, crh-1978}
    }

@inreference{Chartier5714-1978,
    author = {Chartier, Roger},
    editor = {},
    title = {Revue historique},
    booktitle = {La nouvelle histoire},
    publisher = {Retz},
    series = {},
    location = {Paris},
    year = 1978,
    pagetotal = {2},
    language = {français},
    keywords = {dict-crh, crh-1978}
    }

@inreference{Chartier5715-1978,
    author = {Chartier, Roger},
    editor = {J.Le Goff and R.Chartier and J.Revel},
    title = {Histoire sérielle},
    booktitle = {La nouvelle histoire},
    publisher = {Retz},
    series = {},
    location = {Paris},
    year = 1978,
    pagetotal = {2},
    language = {français},
    keywords = {dict-crh, crh-1978}
    }

@inreference{Chartier5716-1978,
    author = {Chartier, Roger and D.Roche},
    editor = {J.Le Goff and R.Chartier and J.Revel},
    title = {Histoire sociale},
    booktitle = {La nouvelle histoire},
    publisher = {Retz},
    series = {},
    location = {Paris},
    year = 1978,
    pagetotal = {7},
    language = {français},
    keywords = {dict-crh, crh-1978}
    }

@inreference{Revel5717-1978,
    author = {Revel, Jacques},
    editor = {J.Le Goff and R.Chartier and J.Revel},
    title = {François Simiand},
    booktitle = {La nouvelle histoire},
    publisher = {Retz},
    series = {},
    location = {Paris},
    year = 1978,
    pagetotal = {3},
    language = {français},
    keywords = {dict-crh, crh-1978}
    }

@inreference{Chartier5718-1978,
    author = {Chartier, Roger},
    editor = {J.Le Goff and R.Chartier and J.Revel},
    title = {Werner Sombart},
    booktitle = {La nouvelle histoire},
    publisher = {Retz},
    series = {},
    location = {Paris},
    year = 1978,
    pagetotal = {2},
    language = {français},
    keywords = {dict-crh, crh-1978}
    }

@inreference{Aymard5719-1978,
    author = {Aymard, Maurice},
    editor = {J.Le Goff and R.Chartier and J.Revel},
    title = {Structure, conjoncture},
    booktitle = {La nouvelle histoire},
    publisher = {Retz},
    series = {},
    location = {Paris},
    year = 1978,
    pagetotal = {3},
    language = {français},
    keywords = {dict-crh, crh-1978}
    }

@inreference{Furet5720-1978,
    author = {Furet, François},
    editor = {J.Le Goff and R.Chartier and J.Revel},
    title = {Alexis de Tocqueville},
    booktitle = {La nouvelle histoire},
    publisher = {Retz},
    series = {},
    location = {Paris},
    year = 1978,
    pagetotal = {5},
    language = {français},
    keywords = {dict-crh, crh-1978}
    }

@inreference{Ariès5721-1978,
    author = {Ariès, Philippe},
    editor = {J.Le Goff and R.Chartier and J.Revel},
    title = {Histoire des mentalités},
    booktitle = {La nouvelle histoire},
    publisher = {Retz},
    series = {},
    location = {Paris},
    year = 1978,
    pagetotal = {22},
    language = {français},
    keywords = {dict-crh, crh-1978}
    }

@inreference{Nora5728-1988,
    author = {Nora, Pierre},
    editor = {F.Furet and M.Ozouf},
    title = {Nation},
    booktitle = {Dictionnaire critique de la Révolution française},
    publisher = {Flammarion},
    series = {},
    location = {Paris},
    year = 1988,
    pagetotal = {},
    language = {français},
    keywords = {dict-crh, crh-1988}
    }

@inreference{Nora5729-1988,
    author = {Nora, Pierre},
    editor = {F.Furet and M.Ozouf},
    title = {République},
    booktitle = {Dictionnaire critique de la Révolution française},
    publisher = {Flammarion},
    series = {},
    location = {Paris},
    year = 1988,
    pagetotal = {},
    language = {français},
    keywords = {dict-crh, crh-1988}
    }

@inreference{Richet5730-1988,
    author = {Richet, Denis},
    editor = {F.Furet and M.Ozouf},
    title = {Assemblées révolutionaires},
    booktitle = {Dictionnaire critique de la Révolution française},
    publisher = {Flammarion},
    series = {},
    location = {Paris},
    year = 1988,
    pagetotal = {},
    language = {français},
    keywords = {dict-crh, crh-1988}
    }

@inreference{Richet5731-1988,
    author = {Richet, Denis},
    editor = {F.Furet and M.Ozouf},
    title = {Campagne d'Italie},
    booktitle = {Dictionnaire critique de la Révolution française},
    publisher = {Flammarion},
    series = {},
    location = {Paris},
    year = 1988,
    pagetotal = {},
    language = {français},
    keywords = {dict-crh, crh-1988}
    }

@inreference{Richet5732-1988,
    author = {Richet, Denis},
    editor = {F.Furet and M.Ozouf},
    title = {Comité de Salut public},
    booktitle = {Dictionnaire critique de la Révolution française},
    publisher = {Flammarion},
    series = {},
    location = {Paris},
    year = 1988,
    pagetotal = {},
    language = {français},
    keywords = {dict-crh, crh-1988}
    }

@inreference{Richet5733-1988,
    author = {Richet, Denis},
    editor = {F.Furet and M.Ozouf},
    title = {Coups d'Etat},
    booktitle = {Dictionnaire critique de la Révolution française},
    publisher = {Flammarion},
    series = {},
    location = {Paris},
    year = 1988,
    pagetotal = {},
    language = {français},
    keywords = {dict-crh, crh-1988}
    }

@inreference{Richet5734-1988,
    author = {Richet, Denis},
    editor = {F.Furet and M.Ozouf},
    title = {Enragés},
    booktitle = {Dictionnaire critique de la Révolution française},
    publisher = {Flammarion},
    series = {},
    location = {Paris},
    year = 1988,
    pagetotal = {},
    language = {français},
    keywords = {dict-crh, crh-1988}
    }

@inreference{Richet5735-1988,
    author = {Richet, Denis},
    editor = {F.Furet and M.Ozouf},
    title = {Frontières naturelles},
    booktitle = {Dictionnaire critique de la Révolution française},
    publisher = {Flammarion},
    series = {},
    location = {Paris},
    year = 1988,
    pagetotal = {},
    language = {français},
    keywords = {dict-crh, crh-1988}
    }

@inreference{Richet5736-1988,
    author = {Richet, Denis},
    editor = {F.Furet and M.Ozouf},
    title = {Hébertistes},
    booktitle = {Dictionnaire critique de la Révolution française},
    publisher = {Flammarion},
    series = {},
    location = {Paris},
    year = 1988,
    pagetotal = {},
    language = {français},
    keywords = {dict-crh, crh-1988}
    }

@inreference{Richet5737-1988,
    author = {Richet, Denis},
    editor = {F.Furet and M.Ozouf},
    title = {Journées révolutionaires},
    booktitle = {Dictionnaire critique de la Révolution française},
    publisher = {Flammarion},
    series = {},
    location = {Paris},
    year = 1988,
    pagetotal = {},
    language = {français},
    keywords = {dict-crh, crh-1988}
    }

@inreference{Richet5738-1988,
    author = {Richet, Denis},
    editor = {F.Furet and M.Ozouf},
    title = {Traités de Bâle et de La Haye (1795)},
    booktitle = {Dictionnaire critique de la Révolution française},
    publisher = {Flammarion},
    series = {},
    location = {Paris},
    year = 1988,
    pagetotal = {},
    language = {français},
    keywords = {dict-crh, crh-1988}
    }

@inreference{Ozouf5739-1988,
    author = {Ozouf, Mona},
    editor = {F.Furet and M.Ozouf},
    title = {Calendrier},
    booktitle = {Dictionnaire critique de la Révolution française},
    publisher = {Flammarion},
    series = {},
    location = {Paris},
    year = 1988,
    pagetotal = {},
    language = {français},
    keywords = {dict-crh, crh-1988}
    }

@inreference{Ozouf5740-1988,
    author = {Ozouf, Mona},
    editor = {F.Furet and M.Ozouf},
    title = {Danton},
    booktitle = {Dictionnaire critique de la Révolution française},
    publisher = {Flammarion},
    series = {},
    location = {Paris},
    year = 1988,
    pagetotal = {},
    language = {français},
    keywords = {dict-crh, crh-1988}
    }

@inreference{Ozouf5741-1988,
    author = {Ozouf, Mona},
    editor = {F.Furet and M.Ozouf},
    title = {Déchristianisation},
    booktitle = {Dictionnaire critique de la Révolution française},
    publisher = {Flammarion},
    series = {},
    location = {Paris},
    year = 1988,
    pagetotal = {},
    language = {français},
    keywords = {dict-crh, crh-1988}
    }

@inreference{Ozouf5742-1988,
    author = {Ozouf, Mona},
    editor = {F.Furet and M.Ozouf},
    title = {Département},
    booktitle = {Dictionnaire critique de la Révolution française},
    publisher = {Flammarion},
    series = {},
    location = {Paris},
    year = 1988,
    pagetotal = {},
    language = {français},
    keywords = {dict-crh, crh-1988}
    }

@inreference{Ozouf5746-1988,
    author = {Ozouf, Mona},
    editor = {F.Furet and M.Ozouf},
    title = {Egalité},
    booktitle = {Dictionnaire critique de la Révolution française},
    publisher = {Flammarion},
    series = {},
    location = {Paris},
    year = 1988,
    pagetotal = {},
    language = {français},
    keywords = {dict-crh, crh-1988}
    }

@inreference{Ozouf5747-1988,
    author = {Ozouf, Mona},
    editor = {F.Furet and M.Ozouf},
    title = {Esprit public},
    booktitle = {Dictionnaire critique de la Révolution française},
    publisher = {Flammarion},
    series = {},
    location = {Paris},
    year = 1988,
    pagetotal = {},
    language = {français},
    keywords = {dict-crh, crh-1988}
    }

@inreference{Ozouf5748-1988,
    author = {Ozouf, Mona},
    editor = {F.Furet and M.Ozouf},
    title = {Fédéralisme},
    booktitle = {Dictionnaire critique de la Révolution française},
    publisher = {Flammarion},
    series = {},
    location = {Paris},
    year = 1988,
    pagetotal = {},
    language = {français},
    keywords = {dict-crh, crh-1988}
    }

@inreference{Ozouf5749-1988,
    author = {Ozouf, Mona},
    editor = {F.Furet and M.Ozouf},
    title = {Fraternité},
    booktitle = {Dictionnaire critique de la Révolution française},
    publisher = {Flammarion},
    series = {},
    location = {Paris},
    year = 1988,
    pagetotal = {},
    language = {français},
    keywords = {dict-crh, crh-1988}
    }

@inreference{Ozouf5750-1988,
    author = {Ozouf, Mona},
    editor = {F.Furet and M.Ozouf},
    title = {Girondins},
    booktitle = {Dictionnaire critique de la Révolution française},
    publisher = {Flammarion},
    series = {},
    location = {Paris},
    year = 1988,
    pagetotal = {},
    language = {français},
    keywords = {dict-crh, crh-1988}
    }

@inreference{Ozouf5751-1988,
    author = {Ozouf, Mona},
    editor = {F.Furet and M.Ozouf},
    title = {Jaurès},
    booktitle = {Dictionnaire critique de la Révolution française},
    publisher = {Flammarion},
    series = {},
    location = {Paris},
    year = 1988,
    pagetotal = {},
    language = {français},
    keywords = {dict-crh, crh-1988}
    }

@inreference{Ozouf5752-1988,
    author = {Ozouf, Mona},
    editor = {F.Furet and M.Ozouf},
    title = {Liberté},
    booktitle = {Dictionnaire critique de la Révolution française},
    publisher = {Flammarion},
    series = {},
    location = {Paris},
    year = 1988,
    pagetotal = {},
    language = {français},
    keywords = {dict-crh, crh-1988}
    }

@inreference{Ozouf5753-1988,
    author = {Ozouf, Mona},
    editor = {F.Furet and M.Ozouf},
    title = {Marat},
    booktitle = {Dictionnaire critique de la Révolution française},
    publisher = {Flammarion},
    series = {},
    location = {Paris},
    year = 1988,
    pagetotal = {},
    language = {français},
    keywords = {dict-crh, crh-1988}
    }

@inreference{Ozouf5754-1988,
    author = {Ozouf, Mona},
    editor = {F.Furet and M.Ozouf},
    title = {Montagnards},
    booktitle = {Dictionnaire critique de la Révolution française},
    publisher = {Flammarion},
    series = {},
    location = {Paris},
    year = 1988,
    pagetotal = {},
    language = {français},
    keywords = {dict-crh, crh-1988}
    }

@inreference{Ozouf5755-1988,
    author = {Ozouf, Mona},
    editor = {F.Furet and M.Ozouf},
    title = {Procès du roi},
    booktitle = {Dictionnaire critique de la Révolution française},
    publisher = {Flammarion},
    series = {},
    location = {Paris},
    year = 1988,
    pagetotal = {},
    language = {français},
    keywords = {dict-crh, crh-1988}
    }

@inreference{Ozouf5756-1988,
    author = {Ozouf, Mona},
    editor = {F.Furet and M.Ozouf},
    title = {Régénération},
    booktitle = {Dictionnaire critique de la Révolution française},
    publisher = {Flammarion},
    series = {},
    location = {Paris},
    year = 1988,
    pagetotal = {},
    language = {français},
    keywords = {dict-crh, crh-1988}
    }

@inreference{Ozouf5757-1988,
    author = {Ozouf, Mona},
    editor = {F.Furet and M.Ozouf},
    title = {Religion révolutionaire},
    booktitle = {Dictionnaire critique de la Révolution française},
    publisher = {Flammarion},
    series = {},
    location = {Paris},
    year = 1988,
    pagetotal = {},
    language = {français},
    keywords = {dict-crh, crh-1988}
    }

@inreference{Ozouf5758-1988,
    author = {Ozouf, Mona},
    editor = {F.Furet and M.Ozouf},
    title = {Révolution},
    booktitle = {Dictionnaire critique de la Révolution française},
    publisher = {Flammarion},
    series = {},
    location = {Paris},
    year = 1988,
    pagetotal = {},
    language = {français},
    keywords = {dict-crh, crh-1988}
    }

@inreference{Ozouf5759-1988,
    author = {Ozouf, Mona},
    editor = {F.Furet and M.Ozouf},
    title = {Saint-Just},
    booktitle = {Dictionnaire critique de la Révolution française},
    publisher = {Flammarion},
    series = {},
    location = {Paris},
    year = 1988,
    pagetotal = {},
    language = {français},
    keywords = {dict-crh, crh-1988}
    }

@inreference{Ozouf5760-1988,
    author = {Ozouf, Mona},
    editor = {F.Furet and M.Ozouf},
    title = {Taine},
    booktitle = {Dictionnaire critique de la Révolution française},
    publisher = {Flammarion},
    series = {},
    location = {Paris},
    year = 1988,
    pagetotal = {},
    language = {français},
    keywords = {dict-crh, crh-1988}
    }

@inreference{Ozouf5761-1988,
    author = {Ozouf, Mona},
    editor = {F.Furet and M.Ozouf},
    title = {Varennes},
    booktitle = {Dictionnaire critique de la Révolution française},
    publisher = {Flammarion},
    series = {},
    location = {Paris},
    year = 1988,
    pagetotal = {},
    language = {français},
    keywords = {dict-crh, crh-1988}
    }

@inreference{Ozouf5762-1988,
    author = {Ozouf, Mona},
    editor = {F.Furet and M.Ozouf},
    title = {Voltaire},
    booktitle = {Dictionnaire critique de la Révolution française},
    publisher = {Flammarion},
    series = {},
    location = {Paris},
    year = 1988,
    pagetotal = {},
    language = {français},
    keywords = {dict-crh, crh-1988}
    }

@inreference{Ozouf5763-1988,
    author = {Ozouf, Mona},
    editor = {F.Furet and M.Ozouf},
    title = {Fédération},
    booktitle = {Dictionnaire critique de la Révolution française},
    publisher = {Flammarion},
    series = {},
    location = {Paris},
    year = 1988,
    pagetotal = {},
    language = {français},
    keywords = {dict-crh, crh-1988}
    }

@inreference{Furet5764-1988,
    author = {Furet, François},
    editor = {F.Furet and M.Ozouf},
    title = {Ancien régime},
    booktitle = {Dictionnaire critique de la Révolution française},
    publisher = {Flammarion},
    series = {},
    location = {Paris},
    year = 1988,
    pagetotal = {},
    language = {français},
    keywords = {dict-crh, crh-1988}
    }

@inreference{Furet5765-1988,
    author = {Furet, François},
    editor = {F.Furet and M.Ozouf},
    title = {Babeuf},
    booktitle = {Dictionnaire critique de la Révolution française},
    publisher = {Flammarion},
    series = {},
    location = {Paris},
    year = 1988,
    pagetotal = {},
    language = {français},
    keywords = {dict-crh, crh-1988}
    }

@inreference{Furet5766-1988,
    author = {Furet, François},
    editor = {F.Furet and M.Ozouf},
    title = {Barnave},
    booktitle = {Dictionnaire critique de la Révolution française},
    publisher = {Flammarion},
    series = {},
    location = {Paris},
    year = 1988,
    pagetotal = {},
    language = {français},
    keywords = {dict-crh, crh-1988}
    }

@inreference{Furet5767-1988,
    author = {Furet, François},
    editor = {F.Furet and M.Ozouf},
    title = {Louis Blanc},
    booktitle = {Dictionnaire critique de la Révolution française},
    publisher = {Flammarion},
    series = {},
    location = {Paris},
    year = 1988,
    pagetotal = {},
    language = {français},
    keywords = {dict-crh, crh-1988}
    }

@inreference{Furet5768-1988,
    author = {Furet, François},
    editor = {F.Furet and M.Ozouf},
    title = {Bonaparte},
    booktitle = {Dictionnaire critique de la Révolution française},
    publisher = {Flammarion},
    series = {},
    location = {Paris},
    year = 1988,
    pagetotal = {},
    language = {français},
    keywords = {dict-crh, crh-1988}
    }

@inreference{Furet5769-1988,
    author = {Furet, François},
    editor = {F.Furet and M.Ozouf},
    title = {Buchez},
    booktitle = {Dictionnaire critique de la Révolution française},
    publisher = {Flammarion},
    series = {},
    location = {Paris},
    year = 1988,
    pagetotal = {},
    language = {français},
    keywords = {dict-crh, crh-1988}
    }

@inreference{Furet5770-1988,
    author = {Furet, François},
    editor = {F.Furet and M.Ozouf},
    title = {Chouannerie},
    booktitle = {Dictionnaire critique de la Révolution française},
    publisher = {Flammarion},
    series = {},
    location = {Paris},
    year = 1988,
    pagetotal = {},
    language = {français},
    keywords = {dict-crh, crh-1988}
    }

@inreference{Furet5771-1988,
    author = {Furet, François},
    editor = {F.Furet and M.Ozouf},
    title = {Constitution civile du clergé},
    booktitle = {Dictionnaire critique de la Révolution française},
    publisher = {Flammarion},
    series = {},
    location = {Paris},
    year = 1988,
    pagetotal = {},
    language = {français},
    keywords = {dict-crh, crh-1988}
    }

@inreference{Furet5772-1988,
    author = {Furet, François},
    editor = {F.Furet and M.Ozouf},
    title = {Dix-huit brumaire},
    booktitle = {Dictionnaire critique de la Révolution française},
    publisher = {Flammarion},
    series = {},
    location = {Paris},
    year = 1988,
    pagetotal = {},
    language = {français},
    keywords = {dict-crh, crh-1988}
    }

@inreference{Furet5773-1988,
    author = {Furet, François},
    editor = {F.Furet and M.Ozouf},
    title = {Féodalité},
    booktitle = {Dictionnaire critique de la Révolution française},
    publisher = {Flammarion},
    series = {},
    location = {Paris},
    year = 1988,
    pagetotal = {},
    language = {français},
    keywords = {dict-crh, crh-1988}
    }

@inreference{Furet5774-1988,
    author = {Furet, François},
    editor = {F.Furet and M.Ozouf},
    title = {Gouvernement révolutionaire},
    booktitle = {Dictionnaire critique de la Révolution française},
    publisher = {Flammarion},
    series = {},
    location = {Paris},
    year = 1988,
    pagetotal = {},
    language = {français},
    keywords = {dict-crh, crh-1988}
    }

@inreference{Furet5775-1988,
    author = {Furet, François},
    editor = {F.Furet and M.Ozouf},
    title = {Histoire universitaire de la Révolution},
    booktitle = {Dictionnaire critique de la Révolution française},
    publisher = {Flammarion},
    series = {},
    location = {Paris},
    year = 1988,
    pagetotal = {},
    language = {français},
    keywords = {dict-crh, crh-1988}
    }

@inreference{Furet5776-1988,
    author = {Furet, François},
    editor = {F.Furet and M.Ozouf},
    title = {Jacobinisme},
    booktitle = {Dictionnaire critique de la Révolution française},
    publisher = {Flammarion},
    series = {},
    location = {Paris},
    year = 1988,
    pagetotal = {},
    language = {français},
    keywords = {dict-crh, crh-1988}
    }

@inreference{Furet5777-1988,
    author = {Furet, François},
    editor = {F.Furet and M.Ozouf},
    title = {Louis XVI},
    booktitle = {Dictionnaire critique de la Révolution française},
    publisher = {Flammarion},
    series = {},
    location = {Paris},
    year = 1988,
    pagetotal = {},
    language = {français},
    keywords = {dict-crh, crh-1988}
    }

@inreference{Furet5778-1988,
    author = {Furet, François},
    editor = {F.Furet and M.Ozouf},
    title = {Marx},
    booktitle = {Dictionnaire critique de la Révolution française},
    publisher = {Flammarion},
    series = {},
    location = {Paris},
    year = 1988,
    pagetotal = {},
    language = {français},
    keywords = {dict-crh, crh-1988}
    }

@inreference{Furet5779-1988,
    author = {Furet, François},
    editor = {F.Furet and M.Ozouf},
    title = {Maximum},
    booktitle = {Dictionnaire critique de la Révolution française},
    publisher = {Flammarion},
    series = {},
    location = {Paris},
    year = 1988,
    pagetotal = {},
    language = {français},
    keywords = {dict-crh, crh-1988}
    }

@inreference{Furet5780-1988,
    author = {Furet, François},
    editor = {F.Furet and M.Ozouf},
    title = {Michelet},
    booktitle = {Dictionnaire critique de la Révolution française},
    publisher = {Flammarion},
    series = {},
    location = {Paris},
    year = 1988,
    pagetotal = {},
    language = {français},
    keywords = {dict-crh, crh-1988}
    }

@inreference{Furet5781-1988,
    author = {Furet, François},
    editor = {F.Furet and M.Ozouf},
    title = {Mirabeau},
    booktitle = {Dictionnaire critique de la Révolution française},
    publisher = {Flammarion},
    series = {},
    location = {Paris},
    year = 1988,
    pagetotal = {},
    language = {français},
    keywords = {dict-crh, crh-1988}
    }

@inreference{Furet5782-1988,
    author = {Furet, François},
    editor = {F.Furet and M.Ozouf},
    title = {Nuit du 4 août},
    booktitle = {Dictionnaire critique de la Révolution française},
    publisher = {Flammarion},
    series = {},
    location = {Paris},
    year = 1988,
    pagetotal = {},
    language = {français},
    keywords = {dict-crh, crh-1988}
    }

@inreference{Furet5783-1988,
    author = {Furet, François},
    editor = {F.Furet and M.Ozouf},
    title = {Quinet},
    booktitle = {Dictionnaire critique de la Révolution française},
    publisher = {Flammarion},
    series = {},
    location = {Paris},
    year = 1988,
    pagetotal = {},
    language = {français},
    keywords = {dict-crh, crh-1988}
    }

@inreference{Furet5784-1988,
    author = {Furet, François},
    editor = {F.Furet and M.Ozouf},
    title = {Terreur},
    booktitle = {Dictionnaire critique de la Révolution française},
    publisher = {Flammarion},
    series = {},
    location = {Paris},
    year = 1988,
    pagetotal = {},
    language = {français},
    keywords = {dict-crh, crh-1988}
    }

@inreference{Furet5785-1988,
    author = {Furet, François},
    editor = {F.Furet and M.Ozouf},
    title = {Tocqueville},
    booktitle = {Dictionnaire critique de la Révolution française},
    publisher = {Flammarion},
    series = {},
    location = {Paris},
    year = 1988,
    pagetotal = {},
    language = {français},
    keywords = {dict-crh, crh-1988}
    }

@inreference{Furet5786-1988,
    author = {Furet, François},
    editor = {F.Furet and M.Ozouf},
    title = {Vendée},
    booktitle = {Dictionnaire critique de la Révolution française},
    publisher = {Flammarion},
    series = {},
    location = {Paris},
    year = 1988,
    pagetotal = {},
    language = {français},
    keywords = {dict-crh, crh-1988}
    }

