@incollection{Hartog289-1988,
    author = {Hartog, François},
    editor = {?},
    title = {La curiosité pour le phénomène religieux},
    booktitle = {Atlas des Religions},
    publisher = {Encyclopedia Universalis},
    series = {},
    location = {},
    year = 1988,
    pagetotal = {5},
    language = {français},
    keywords = {outil-recherche-crh}
    }

@incollection{Bonnain629-1995,
    author = {Bonnain-Dulon, Rolande},
    editor = {B. Lepetit and M. Sinarellis},
    title = {L'héritage entre événement et longue durée},
    booktitle = {Atlas de la Révolution: 8, La population},
    publisher = {EHESS},
    series = {},
    location = {Paris},
    year = 1995,
    pagetotal = {2},
    language = {français},
    keywords = {outil-recherche-crh}
    }

@incollection{Arbellot646-1989,
    author = {Arbellot, Guy},
    editor = {D.Nordman and M.V.Ozouf-Marignier and A.Laclau},
    title = {Les sources de la Carte des subdélégations à la veille de 1789},
    booktitle = {Atlas de la Révolution française, t. V - Le territoire (2), Les limites administratives},
    publisher = {EHESS},
    series = {},
    location = {Paris},
    year = 1989,
    pagetotal = {4},
    language = {français},
    keywords = {outil-recherche-crh}
    }

@incollection{Arbellot697-1989,
    author = {Arbellot, Guy},
    editor = {D.Nordman and M.V.Ozouf-Marignier and A.Laclau},
    title = {Tableau des chef-lieux administratifs en 1790 et en 1800},
    booktitle = {Atlas de la Révolution française, t. V - Le territoire (2), Les limites administratives},
    publisher = {EHESS},
    series = {},
    location = {Paris},
    year = 1989,
    pagetotal = {43},
    language = {français},
    keywords = {outil-recherche-crh}
    }

@book{Rochot1019-1967,
    author = {Rochot, B},
    editor = {},
    title = {Correspondance du P. Marin Mersenne},
    publisher = {},
    series = {},
    location = {},
    year = 1967,
    pagetotal = {},
    language = {français},
    keywords = {outil-recherche-crh}
    }

@book{Couturier1056-1971,
    author = {Couturier, Marcel},
    editor = {},
    title = {Système FORCOD. L'exploitation en FORCOD C},
    publisher = {},
    series = {},
    location = {},
    year = 1971,
    pagetotal = {},
    language = {français},
    keywords = {outil-recherche-crh}
    }

@book{Ozouf1126-1971,
    author = {Ozouf, Jacques},
    editor = {},
    title = {Vincent Auriol: Journal du Septennat, tome VII},
    publisher = {Armand Colin},
    series = {},
    location = {Paris},
    year = 1971,
    pagetotal = {},
    language = {français},
    keywords = {outil-recherche-crh}
    }

@book{Tenenti1132-1972,
    author = {Tenenti, Branislava},
    editor = {},
    title = {Vingt années d'histoire et de sciences humaines. Table des Annales E.S.C.},
    publisher = {},
    series = {},
    location = {},
    year = 1972,
    pagetotal = {},
    language = {français},
    keywords = {outil-recherche-crh}
    }

@book{Hemardinquer1203-1976,
    author = {Hemardinquer, Jean-Jacques},
    editor = {B. Quemada},
    title = {Collaboration à Matériaux pour l'histoire du vocabulaire français, Datations et documents lexicographiques},
    publisher = {},
    series = {},
    location = {},
    year = 1976,
    pagetotal = {},
    language = {français},
    keywords = {outil-recherche-crh}
    }

@incollection{Hemardinquer1355-1978,
    author = {Hemardinquer, Jean-Jacques},
    editor = {B. Quemada},
    title = {Matériaux pour l'histoire du vocabulaire français, Datations et documents lexicographiques},
    booktitle = {Matériaux pour l'histoire du vocabulaire français, Datations et Documents lexicographiques},
    publisher = {Klincksieck},
    series = {},
    location = {Paris},
    year = 1978,
    pagetotal = {},
    language = {français},
    keywords = {outil-recherche-crh}
    }

@book{Julia1372-1977,
    author = {Julia, Dominique},
    editor = {},
    title = {Répertoire des visites pastorales de la France-première Série : Anciens diocèses jusqu'en 1790},
    publisher = {CNRS},
    series = {},
    location = {Paris},
    year = 1977,
    pagetotal = {},
    language = {français},
    keywords = {outil-recherche-crh}
    }

@book{Dupaquier1503-1978,
    author = {Dupaquier, Jacques and J.P.Bardet},
    editor = {},
    title = {Ain},
    publisher = {CNRS},
    series = {},
    location = {Paris},
    year = 1978,
    pagetotal = {},
    language = {français},
    keywords = {outil-recherche-crh}
    }

@book{Bardet1524-1978,
    author = {Bardet, Jean-Pierre and J.Dupâquier},
    editor = {},
    title = {Dictionnaire des paroisses},
    publisher = {CNRS},
    series = {},
    location = {Paris},
    year = 1978,
    pagetotal = {},
    language = {français},
    keywords = {outil-recherche-crh}
    }

@book{Bardet1525-1979,
    author = {Bardet, Jean-Pierre and J.Dupâquier},
    editor = {},
    title = {Dictionnaire des paroisses},
    publisher = {CNRS},
    series = {},
    location = {Paris},
    year = 1979,
    pagetotal = {},
    language = {français},
    keywords = {outil-recherche-crh}
    }

@book{Bardet1529-1979,
    author = {Bardet, Jean-Pierre and J.Dupâquier},
    editor = {},
    title = {Dictionnaire des paroisses},
    publisher = {CNRS},
    series = {},
    location = {Paris},
    year = 1979,
    pagetotal = {},
    language = {français},
    keywords = {outil-recherche-crh}
    }

@book{Bardet1530-1978,
    author = {Bardet, Jean-Pierre and J.Dupâquier},
    editor = {},
    title = {Dictionnaire des paroisses},
    publisher = {CNRS},
    series = {},
    location = {Paris},
    year = 1978,
    pagetotal = {},
    language = {français},
    keywords = {outil-recherche-crh}
    }

@book{Bardet1531-1979,
    author = {Bardet, Jean-Pierre and J.Dupâquier},
    editor = {},
    title = {Dictionnaire des paroisses},
    publisher = {CNRS},
    series = {},
    location = {Paris},
    year = 1979,
    pagetotal = {},
    language = {français},
    keywords = {outil-recherche-crh}
    }

@book{Bergeron1539-1978,
    author = {Bergeron, Louis and G.Chaussinand},
    editor = {},
    title = {Grands notables du premier Empire},
    publisher = {CNRS},
    series = {},
    location = {Paris},
    year = 1978,
    pagetotal = {},
    language = {français},
    keywords = {outil-recherche-crh}
    }

@book{LeMee1630-1978,
    author = {Le Mee, René},
    editor = {},
    title = {bibliographie},
    publisher = {Lecerf},
    series = {},
    location = {Rouen},
    year = 1978,
    pagetotal = {},
    language = {français},
    keywords = {outil-recherche-crh}
    }

@book{LeMee1632-1979,
    author = {Le Mee, René},
    editor = {},
    title = {bibliographie},
    publisher = {Lecerf},
    series = {},
    location = {Rouen},
    year = 1979,
    pagetotal = {},
    language = {français},
    keywords = {outil-recherche-crh}
    }

@book{Dupaquier1633-1979,
    author = {Dupaquier, Jacques and J.P.Bardet},
    editor = {},
    title = {Aude},
    publisher = {CNRS},
    series = {},
    location = {Paris},
    year = 1979,
    pagetotal = {},
    language = {français},
    keywords = {outil-recherche-crh}
    }

@book{Dupaquier1634-1979,
    author = {Dupaquier, Jacques and J.P.Bardet},
    editor = {},
    title = {Nièvre},
    publisher = {CNRS},
    series = {},
    location = {Paris},
    year = 1979,
    pagetotal = {},
    language = {français},
    keywords = {outil-recherche-crh}
    }

@book{Dupaquier1635-1978,
    author = {Dupaquier, Jacques and J.P.Bardet},
    editor = {},
    title = {Rhône},
    publisher = {CNRS},
    series = {},
    location = {Paris},
    year = 1978,
    pagetotal = {},
    language = {français},
    keywords = {outil-recherche-crh}
    }

@book{Dupaquier1636-1979,
    author = {Dupaquier, Jacques and J.P.Bardet},
    editor = {},
    title = {Savoie},
    publisher = {CNRS},
    series = {},
    location = {Paris},
    year = 1979,
    pagetotal = {},
    language = {français},
    keywords = {outil-recherche-crh}
    }

@book{Nora1653-1978,
    author = {Nora, Pierre and Dominique Boché},
    editor = {},
    title = {Vincent Auriol: Journal du septennat. T.VII},
    publisher = {Armand Colin},
    series = {},
    location = {Paris},
    year = 1978,
    pagetotal = {},
    language = {français},
    keywords = {outil-recherche-crh}
    }

@book{Vitu1725-1978,
    author = {Vitu, Anne},
    editor = {},
    title = {Dictionnaire des paroisses et communes de France: l'Aube},
    publisher = {CNRS},
    series = {},
    location = {Paris},
    year = 1978,
    pagetotal = {},
    language = {français},
    keywords = {outil-recherche-crh}
    }

@book{Bardet1771-1981,
    author = {Bardet, Jean-Pierre and M.Hainsworth},
    editor = {},
    title = {Logiciel Casoar},
    publisher = {},
    series = {},
    location = {},
    year = 1981,
    pagetotal = {180},
    language = {français},
    keywords = {outil-recherche-crh}
    }

@book{Bergeron1779-1982,
    author = {Bergeron, Louis and G.Chaussinand},
    editor = {},
    title = {Grands notables du premier Empire: Loir-et-Cher, Indre-et-Loire, Loire Inférieure},
    publisher = {CNRS},
    series = {},
    location = {Paris},
    year = 1982,
    pagetotal = {},
    language = {français},
    keywords = {outil-recherche-crh}
    }

@book{Braemer1796-1981,
    author = {Braemer, Franck},
    editor = {},
    title = {Les fouilles, techniques de terrain. Dossier pédagogique audiovisuel (diapositives)},
    publisher = {SERMAP-HATIER},
    series = {},
    location = {Paris},
    year = 1981,
    pagetotal = {12},
    language = {français},
    keywords = {outil-recherche-crh}
    }

@book{Guillou1889-1980,
    author = {Guillou, André},
    editor = {},
    title = {Saint-Jean Théristès (1054-1264). Corpus des Actes grecs},
    publisher = {Vatican},
    series = {},
    location = {Rome},
    year = 1980,
    pagetotal = {380},
    language = {italien},
    keywords = {outil-recherche-crh}
    }

@book{Julia1909-1980,
    author = {Julia, Dominique},
    editor = {},
    title = {Répertoire des visites pastorales. Première série. Anciens diocèses (jusqu'en 1790)},
    publisher = {Paris},
    series = {CNRS},
    location = {},
    year = 1980,
    pagetotal = {},
    language = {français},
    keywords = {outil-recherche-crh}
    }

@book{LeMee1947-1980,
    author = {Le Mee, René},
    editor = {},
    title = {bibliographie},
    publisher = {Lecerf},
    series = {},
    location = {Rouen},
    year = 1980,
    pagetotal = {},
    language = {français},
    keywords = {outil-recherche-crh}
    }

@book{LeMee1948-1981,
    author = {Le Mee, René},
    editor = {},
    title = {bibliographie},
    publisher = {Lecerf},
    series = {},
    location = {Rouen},
    year = 1981,
    pagetotal = {},
    language = {français},
    keywords = {outil-recherche-crh}
    }

@book{Martin1950-1982,
    author = {Martin, Marie-Elisabeth},
    editor = {},
    title = {Dictionnaire administratif et démographique des paroisses et communes de la Drôme},
    publisher = {CNRS},
    series = {},
    location = {Paris},
    year = 1982,
    pagetotal = {},
    language = {français},
    keywords = {outil-recherche-crh}
    }

@incollection{Arbellot2085-1985,
    author = {Arbellot, Guy},
    editor = {},
    title = {Cartes anciennes de la Charente-Maritime},
    booktitle = {Paroisses et Communes de France - Dictionnaire d'histoire administrative et démographique. Charente-Maritime.},
    publisher = {},
    series = {},
    location = {},
    year = 1985,
    pagetotal = {13},
    language = {français},
    keywords = {outil-recherche-crh}
    }

@book{Guery2338-1983,
    author = {Guery, Alain},
    editor = {},
    title = {La vie en France de 1800 à nos jours. Fiches pédagogiques},
    publisher = {Nathan},
    series = {},
    location = {Paris},
    year = 1983,
    pagetotal = {},
    language = {français},
    keywords = {outil-recherche-crh}
    }

@book{Hemardinquer2360-1982,
    author = {Hemardinquer, Jean-Jacques},
    editor = {B. Quemada},
    title = {Datations et documents lexicographiques. Matériaux pour l'histoire du vocabulaire français, Datations et Documents lexicographiques},
    publisher = {Klincksieck},
    series = {},
    location = {Paris},
    year = 1982,
    pagetotal = {},
    language = {français},
    keywords = {outil-recherche-crh}
    }

@book{Julia2390-1983,
    author = {Julia, Dominique and M. Venard},
    editor = {},
    title = {Répertoire des visites pastorales de la France. Première série. Anciens diocèses jusqu'en 1790, t. III, Mâcon, -Riez},
    publisher = {CNRS},
    series = {},
    location = {Paris},
    year = 1983,
    pagetotal = {},
    language = {français},
    keywords = {outil-recherche-crh}
    }

@book{Julia2391-1984,
    author = {Julia, Dominique and M.-M. Compère},
    editor = {},
    title = {Les collèges français XVIe-XVIIIe siècles. Répertoire},
    publisher = {CNRS et Service des Publications de l'INRP},
    series = {},
    location = {Paris},
    year = 1984,
    pagetotal = {},
    language = {français},
    keywords = {outil-recherche-crh}
    }

@book{Julia2393-1985,
    author = {Julia, Dominique},
    editor = {},
    title = {Répertoire des visites pastorales de la France. Première série. Anciens diocèses (jusqu'en 1790), t. IV, La Rochelle-Ypres},
    publisher = {CNRS},
    series = {},
    location = {Paris},
    year = 1985,
    pagetotal = {},
    language = {français},
    keywords = {outil-recherche-crh}
    }

@book{LeMee2455-1983,
    author = {Le Mee, René},
    editor = {},
    title = {Bibliographie Internationale de la Démographie Historique 1983},
    publisher = {Société de Démographie Historique},
    series = {Union internationale pour l'Etude Scientifique de la Population},
    location = {Paris},
    year = 1983,
    pagetotal = {},
    language = {français},
    keywords = {outil-recherche-crh}
    }

@book{LeMee2456-1984,
    author = {Le Mee, René},
    editor = {},
    title = {Bibliographie Internationale de la Démographie Historique 1984},
    publisher = {Société de Démographie Historique},
    series = {Union internationale pour l'Etude Scientifique de la Population},
    location = {Paris},
    year = 1984,
    pagetotal = {},
    language = {français},
    keywords = {outil-recherche-crh}
    }

@book{LeMee2457-1985,
    author = {Le Mee, René},
    editor = {},
    title = {Bibliographie Internationale de la Démographie Historique 1985},
    publisher = {Société de Démographie Historique},
    series = {Union internationale pour l'Etude Scientifique de la Population},
    location = {Paris},
    year = 1985,
    pagetotal = {},
    language = {français},
    keywords = {outil-recherche-crh}
    }

@book{LeMee2459-1983,
    author = {Le Mee, René and A. BIDEAU},
    editor = {},
    title = {Annales de Démographie Historique (1964 à 1982). Bulletin D.H. (1970 à 1982). Tables et index},
    publisher = {EHESS},
    series = {},
    location = {Paris},
    year = 1983,
    pagetotal = {},
    language = {français},
    keywords = {outil-recherche-crh}
    }

@incollection{Arbellot2733-1989,
    author = {Arbellot, Guy and B. Lepetit and J. Bertrand},
    editor = {},
    title = {Routes et communications},
    booktitle = {Atlas de la Révolution française, t. I - Routes et communications},
    publisher = {EHESS},
    series = {},
    location = {Paris},
    year = 1989,
    pagetotal = {},
    language = {français},
    keywords = {outil-recherche-crh}
    }

@incollection{Arbellot2735-1989,
    author = {Arbellot, Guy},
    editor = {D.Nordman and M.V.Ozouf-Marignier and R.Gimeno and A.Laclau},
    title = {Le destin des centres de l'Ancien Régime},
    booktitle = {Atlas de la Révolution française, t.IV: le territoire, Recherches et représentations},
    publisher = {EHESS},
    series = {},
    location = {Paris},
    year = 1989,
    pagetotal = {2},
    language = {français},
    keywords = {outil-recherche-crh}
    }

@incollection{Arbellot2736-1989,
    author = {Arbellot, Guy},
    editor = {D.Nordman and M.V.Ozouf-Marignier and R.Gimeno and A.Laclau},
    title = {D'un réseau administratif à l'autre},
    booktitle = {Atlas de la Révolution française, t.IV: le territoire, Recherches et représentations},
    publisher = {EHESS},
    series = {},
    location = {Paris},
    year = 1989,
    pagetotal = {2},
    language = {français},
    keywords = {outil-recherche-crh}
    }

@incollection{Arbellot2737-1989,
    author = {Arbellot, Guy},
    editor = {D.Nordman and M.V.Ozouf-Marignier and R.Gimeno and A.Laclau},
    title = {L'origine des nouveaux centres administratifs},
    booktitle = {Atlas de la Révolution française, t.IV: le territoire, Recherches et représentations},
    publisher = {EHESS},
    series = {},
    location = {Paris},
    year = 1989,
    pagetotal = {2},
    language = {français},
    keywords = {outil-recherche-crh}
    }

@book{Chaussinand2923-1989,
    author = {Chaussinand-Nogaret, Guy},
    editor = {},
    title = {Grands Notables du Premier Empire},
    publisher = {CNRS},
    series = {},
    location = {Paris},
    year = 1989,
    pagetotal = {},
    language = {français},
    keywords = {outil-recherche-crh}
    }

@incollection{Hemardinquer3180-1986,
    author = {Hemardinquer, Jean-Jacques},
    editor = {B. Quemada},
    title = {Textes des XVIe-XXe siècles},
    booktitle = {Matériaux pour l'histoire du vocabulaire français, Datations et Documents lexicographiques},
    publisher = {Klincksieck},
    series = {},
    location = {Paris},
    year = 1986,
    pagetotal = {},
    language = {français},
    keywords = {outil-recherche-crh}
    }

@incollection{Julia3211-1987,
    author = {Julia, Dominique and H. Bertrand and S. Bonnain and A. Laclau},
    editor = {},
    title = {L'enseignement 1760-1815},
    booktitle = {Atlas de la Révolution, fascilule 2: l'enseignement 1760-1815},
    publisher = {EHESS},
    series = {},
    location = {Paris},
    year = 1987,
    pagetotal = {},
    language = {français},
    keywords = {outil-recherche-crh}
    }

@book{LeMee3297-1986,
    author = {Le Mee, René},
    editor = {},
    title = {Bibliographie Internationale de Démographie historique},
    publisher = {},
    series = {},
    location = {Liège},
    year = 1986,
    pagetotal = {},
    language = {français},
    keywords = {outil-recherche-crh}
    }

@book{LeMee3300-1988,
    author = {Le Mee, René},
    editor = {},
    title = {Bibligraphie Internationale de Démographie historique 1987},
    publisher = {},
    series = {},
    location = {Liège},
    year = 1988,
    pagetotal = {},
    language = {français},
    keywords = {outil-recherche-crh}
    }

@book{LeMee3301-1989,
    author = {Le Mee, René and M. Le Mée-Orsetti},
    editor = {},
    title = {Paroisses et communes de France. Dictionnaire d'histoire administrative et démographique. Seine-et-Marne},
    publisher = {},
    series = {},
    location = {},
    year = 1989,
    pagetotal = {},
    language = {français},
    keywords = {outil-recherche-crh}
    }

@incollection{LeMee3303-1989,
    author = {Le Mee, René},
    editor = {},
    title = {De la communauté de l'Ancien Régime à la commune},
    booktitle = {Atlas de la Révolution française, fasc. 4: Le territoire},
    publisher = {EHESS},
    series = {},
    location = {Paris},
    year = 1989,
    pagetotal = {2},
    language = {français},
    keywords = {outil-recherche-crh}
    }

@incollection{Lepetit3310-1987,
    author = {Lepetit, Bernard and G. Arbellot and J. Bertrand},
    editor = {},
    title = {Routes et communications},
    booktitle = {Atlas de la Révolution française. 1 - Routes et communications},
    publisher = {EHESS},
    series = {},
    location = {Paris},
    year = 1987,
    pagetotal = {},
    language = {français},
    keywords = {outil-recherche-crh}
    }

@incollection{Lepetit3321-1989,
    author = {Lepetit, Bernard},
    editor = {D.Nordman and M.V.Ozouf-Marignier and A.Laclau},
    title = {Les réseaux administratifs en 1790 et 1800},
    booktitle = {Atlas de la Révolution française, Le territoire},
    publisher = {EHESS},
    series = {},
    location = {Paris},
    year = 1989,
    pagetotal = {},
    language = {français},
    keywords = {outil-recherche-crh}
    }

@book{Martin3324-1989,
    author = {Martin-Laprade-Peysson, Marie-Elisabeth and Cl. Motte and J.-M. Peysson},
    editor = {},
    title = {Paroisses et communes de France. Dictionnaire d'histoire administrative et démographique},
    publisher = {CNRS},
    series = {},
    location = {Paris},
    year = 1989,
    pagetotal = {},
    language = {français},
    keywords = {outil-recherche-crh}
    }

@book{Motte3333-1989,
    author = {Motte, Claude and M.-E. Martin Laprade and J.-M. Peysson},
    editor = {},
    title = {Hérault. Paroisses et Communes de France},
    publisher = {CNRS},
    series = {},
    location = {Paris},
    year = 1989,
    pagetotal = {},
    language = {français},
    keywords = {outil-recherche-crh}
    }

@incollection{Smedley3586-1989,
    author = {Smedley-Weill, Anette},
    editor = {},
    title = {Correspondance des intendants avec le contrôleur général des finances, 1677-1689. Naissance d'une administration, t. 1 - Province de Bretagne, gouvernement de la Rochelle, généralités de Poitiers, Tours, Limoges, Alençon, Caen et Rouen},
    booktitle = {Naissance d'une administration, sous série G7, Inventaire analytique},
    publisher = {Archives Nationales},
    series = {},
    location = {Paris},
    year = 1989,
    pagetotal = {},
    language = {français},
    keywords = {outil-recherche-crh}
    }

@incollection{Vitu3613-1989,
    author = {Vitu, Anne},
    editor = {?},
    title = {Les recettes financières de l'Ancien Régime},
    booktitle = {Atlas de la Révolution française, Le Territoire},
    publisher = {EHESS},
    series = {},
    location = {Paris},
    year = 1989,
    pagetotal = {9},
    language = {français},
    keywords = {outil-recherche-crh}
    }

@incollection{Halevi3622-1986,
    author = {Halevi, Ran-Yedid},
    editor = {P. Vidal-Naquet},
    title = {La Révolution française et la guerre contre l'Europe : 1789-1799},
    booktitle = {Atlas Historique},
    publisher = {},
    series = {},
    location = {},
    year = 1986,
    pagetotal = {},
    language = {français},
    keywords = {outil-recherche-crh}
    }

@book{Berlioz3698-1992,
    author = {Berlioz, Jacques and J. Le Goff and A. Guerreau-Jalabert},
    editor = {M. Balard},
    title = {Anthropologie et histoire. Bibliographie de l'histoire médiévale en France (1965-1990)},
    publisher = {},
    series = {},
    location = {},
    year = 1992,
    pagetotal = {8},
    language = {français},
    keywords = {outil-recherche-crh}
    }

@book{Brabant3781-1996,
    author = {Brabant, Eva and Ernst Falzeder and Patrizia Giampieri-Deutsch},
    editor = {A. Haynal},
    title = {Sigmund Freud, Sandor Ferenczi, Correspondance, tome 2 (1914-1919)},
    publisher = {Calmann-Lévy},
    series = {},
    location = {Paris},
    year = 1996,
    pagetotal = {},
    language = {allemand},
    keywords = {outil-recherche-crh}
    }

@book{Debert3911-1991,
    author = {Debert, Aline and B. Ardura and P. Lerou},
    editor = {},
    title = {La pitié populaire en France : répertoire bibliographique},
    publisher = {},
    series = {},
    location = {Corse/Paris},
    year = 1991,
    pagetotal = {},
    language = {français},
    keywords = {outil-recherche-crh}
    }

@book{Duval3994-1993,
    author = {Duval, Bernadette},
    editor = {J. Hoock and P. Jeannin},
    title = {Ars mercatoria : Handbücher und Traktate für den gebrauch des kaufmanns, Manuels et traités à l'usage des marchands, 1470-1820, eine analytische bibliographie},
    publisher = {},
    series = {},
    location = {},
    year = 1993,
    pagetotal = {},
    language = {allemand},
    keywords = {outil-recherche-crh}
    }

@incollection{Goubert4116-1993,
    author = {Goubert, Jean-Pierre and A. Varet-Vitu and R. Rey},
    editor = {},
    title = {Médecine et santé},
    booktitle = {Atlas de la Révolution française, 7, Médecine et santé},
    publisher = {},
    series = {},
    location = {Paris},
    year = 1993,
    pagetotal = {},
    language = {français},
    keywords = {outil-recherche-crh}
    }

@incollection{Gratsac4121-1993,
    author = {Gratsac-Legendre, Valérie},
    editor = {J. Hoock and P. Jeannin},
    title = {Collaboration},
    booktitle = {Ars mercatoria : Handbücher und Traktate für den Gebrauch des Kaufmanns, Manuels et traités à l'usage des marchands, 1470-1820, eine analytische bibliographie},
    publisher = {},
    series = {},
    location = {Paderborn},
    year = 1993,
    pagetotal = {},
    language = {allemand},
    keywords = {outil-recherche-crh}
    }

@book{Greard4122-1991,
    author = {Greard, Catherine and M. Grimberg and Y. Trabu},
    editor = {},
    title = {Vingt Années d'Histoire de Sciences Humaines, Table Analytique des Annales (1969-1988)},
    publisher = {},
    series = {},
    location = {Paris},
    year = 1991,
    pagetotal = {},
    language = {français},
    keywords = {outil-recherche-crh}
    }

@book{Greard4123-1992,
    author = {Greard, Catherine and M. Bruston},
    editor = {},
    title = {L'Annuaire de la recherche géographique francophone},
    publisher = {},
    series = {},
    location = {Paris},
    year = 1992,
    pagetotal = {},
    language = {français},
    keywords = {outil-recherche-crh}
    }

@book{Hemardinquer4187-1992,
    author = {Hemardinquer, Jean-Jacques},
    editor = {B. Quemada},
    title = {Dépouillements de textes des XVIe-XXe siècles, Matériaux pour l'histoire du vocabulaire français, Datations et Documents lexicographiques},
    publisher = {Klincksieck},
    series = {},
    location = {Paris},
    year = 1992,
    pagetotal = {},
    language = {français},
    keywords = {outil-recherche-crh}
    }

@book{LeMee4313-1991,
    author = {Le Mee, René},
    editor = {},
    title = {Bibliographie Internationale de Démographie Historique, 1990},
    publisher = {},
    series = {},
    location = {Liège},
    year = 1991,
    pagetotal = {},
    language = {français},
    keywords = {outil-recherche-crh}
    }

@book{LeMee4317-1992,
    author = {Le Mee, René},
    editor = {},
    title = {Bibliographie Internationale de Démographie Historique, 1991},
    publisher = {},
    series = {},
    location = {Liège},
    year = 1992,
    pagetotal = {},
    language = {français},
    keywords = {outil-recherche-crh}
    }

@book{LeMee4319-1993,
    author = {Le Mee, René},
    editor = {},
    title = {Bibliographie Internationale de Démographie Historique, 1992},
    publisher = {},
    series = {},
    location = {Liège},
    year = 1993,
    pagetotal = {},
    language = {français},
    keywords = {outil-recherche-crh}
    }

@book{Motte4365-1992,
    author = {Motte, Claude and S. Scarlet-Boutouyrie},
    editor = {},
    title = {Dictionnaire des Paroisses et Communes de France, Meuse, Histoire administrative et démographique},
    publisher = {CNRS},
    series = {},
    location = {Paris},
    year = 1992,
    pagetotal = {},
    language = {français},
    keywords = {outil-recherche-crh}
    }

@book{Pomian4472-1992,
    author = {Pomian, Krzysztof},
    editor = {K. Muszynska},
    title = {Katalog rekopisow Biblioteki Narodowej (Catalogue des manuscrits de la Bibliothèque nationale) tome XII, notices IV 9401 à IV 9497},
    publisher = {},
    series = {},
    location = {Varsovie},
    year = 1992,
    pagetotal = {36},
    language = {polonais},
    keywords = {outil-recherche-crh}
    }

@incollection{Smedley4658-1989,
    author = {Smedley-Weill, Anette},
    editor = {},
    title = {Correspondance des intendants avec le contrôleur général des finances, 1677-1689. Naissance d'une administration, sous-série G7, Inventaire analytique},
    booktitle = {Naissance d'une administration, sous série G7, Inventaire analytique},
    publisher = {Archives Nationales},
    series = {},
    location = {Paris},
    year = 1989,
    pagetotal = {},
    language = {français},
    keywords = {outil-recherche-crh}
    }

@incollection{Smedley4659-1990,
    author = {Smedley-Weill, Anette},
    editor = {},
    title = {Provinces de Languedoc et de Roussillon, généralité de Bordeaux, province de Béarn, généralité de Montauban, province de Provence, généralités de Dauphiné, Pignerol et Lyon. sous-série G7, Inventaire analytique},
    booktitle = {Naissance d'une administration, sous série G7, Inventaire analytique},
    publisher = {Archives Nationales},
    series = {},
    location = {Paris},
    year = 1990,
    pagetotal = {},
    language = {français},
    keywords = {outil-recherche-crh}
    }

@incollection{Smedley4660-1991,
    author = {Smedley-Weill, Anette},
    editor = {},
    title = {Généralité de Flandre, province de Hainaut, généralité de Metz, duché de Luxembourg-comté de Chiny, gouvernement des Frontières de Champagne, provinces de Champagne, Alsace, Franche-Comté, Bourgogne, généralités de Soissons, Amiens, Paris, Bourges, Moulin},
    booktitle = {Naissance d'une administration, sous série G7, Inventaire analytique},
    publisher = {Archives Nationales},
    series = {},
    location = {Paris},
    year = 1991,
    pagetotal = {},
    language = {français},
    keywords = {outil-recherche-crh}
    }

@incollection{Vitu4699-1993,
    author = {Vitu-Varet, Anne and J.-P. Goubert and R. Rey},
    editor = {},
    title = {Médecine et santé},
    booktitle = {Atlas de la Révolution française, 7, Médecine et santé},
    publisher = {EHESS},
    series = {},
    location = {Paris},
    year = 1993,
    pagetotal = {},
    language = {français},
    keywords = {outil-recherche-crh}
    }

@book{Brabant4851-1992,
    author = {Brabant, Eva and E. Falzeder and P. Giampieri-Deutsch},
    editor = {A. Haynal},
    title = {Sigmund Freud, Sàndor Ferenczi, Correspondance, Tome 1 (1908-1914)},
    publisher = {Calmann-Lévy},
    series = {},
    location = {Paris},
    year = 1992,
    pagetotal = {},
    language = {allemand},
    keywords = {outil-recherche-crh}
    }

@book{Grinberg5227-1994,
    author = {Grinberg, Martine and C. Gréard and Y. Trabut},
    editor = {},
    title = {Table analytique des Annales, Economies Sociétés Civilisations, 1989-1993},
    publisher = {Armand Colin},
    series = {},
    location = {Paris},
    year = 1994,
    pagetotal = {},
    language = {français},
    keywords = {outil-recherche-crh}
    }

@incollection{LeMée5317-1995,
    author = {Le Mée, René},
    editor = {Anne Vitu and A.Laclau and B.Lepetit and M.Sinarellis},
    title = {Population},
    booktitle = {Atlas de la Révolution française. Fasc.8, Population},
    publisher = {EHESS},
    series = {},
    location = {Paris},
    year = 1995,
    pagetotal = {},
    language = {français},
    keywords = {outil-recherche-crh}
    }

@book{LeMée5321-1978,
    author = {Le Mée, René},
    editor = {},
    title = {Bibliographie internationale analytique et annuelle de la démographie historique},
    publisher = {},
    series = {},
    location = {},
    year = 1978,
    pagetotal = {},
    language = {français},
    keywords = {outil-recherche-crh}
    }

@incollection{Lepetit5326-1995,
    author = {Lepetit, Bernard and M. Sinarellis and A.Varet-Vitu and A.Laclau},
    editor = {},
    title = {Population},
    booktitle = {Atlas de la Révolution française. Population},
    publisher = {EHESS},
    series = {},
    location = {Paris},
    year = 1995,
    pagetotal = {93},
    language = {français},
    keywords = {outil-recherche-crh}
    }

@book{Motte5355-1994,
    author = {Motte, Claude and J.-P. Kintz},
    editor = {},
    title = {Haut-Rhin et Territoire de Belfort, Dictionnaire des Paroisses et Communes de France, Histoire administrative et démographique},
    publisher = {},
    series = {},
    location = {Paris},
    year = 1994,
    pagetotal = {},
    language = {français},
    keywords = {outil-recherche-crh}
    }

@book{Motte5356-1995,
    author = {Motte, Claude and J.-P. Brun},
    editor = {},
    title = {Hautes-Alpes, Dictionnaire des Paroisses et Communes de France, Histoire administrative et démographique},
    publisher = {},
    series = {},
    location = {Paris},
    year = 1995,
    pagetotal = {},
    language = {français},
    keywords = {outil-recherche-crh}
    }

@book{Motte5357-1996,
    author = {Motte, Claude and G. Florenty},
    editor = {},
    title = {Dordogne, Dictionnaire des Paroisses et Communes de France, Histoire administrative et démographique},
    publisher = {},
    series = {},
    location = {Paris},
    year = 1996,
    pagetotal = {},
    language = {français},
    keywords = {outil-recherche-crh}
    }

@book{Motte5358-1997,
    author = {Motte, Claude and C. Poitou},
    editor = {J.-P. Bardet and Cl. Motte},
    title = {Loir-et-Cher},
    publisher = {},
    series = {},
    location = {Paris},
    year = 1997,
    pagetotal = {},
    language = {français},
    keywords = {outil-recherche-crh}
    }

@book{Ormières5394-1995,
    author = {Ormières, Jean-Louis},
    editor = {},
    title = {Le Val de Loire. CD-Rom},
    publisher = {},
    series = {},
    location = {},
    year = 1995,
    pagetotal = {},
    language = {français},
    keywords = {outil-recherche-crh}
    }

@incollection{Sinarellis5582-1995,
    author = {Sinarellis, Maroula and B. Lepetit and A. Varet-Vitu and A. Laclau},
    editor = {},
    title = {Population},
    booktitle = {Atlas de la Révolution française. Population},
    publisher = {EHESS},
    series = {},
    location = {Paris},
    year = 1995,
    pagetotal = {93},
    language = {français},
    keywords = {outil-recherche-crh}
    }

@book{Smedley5584-1995,
    author = {Smedley-Weil, Anette},
    editor = {},
    title = {contribution à : Inventaire Voltaire},
    publisher = {Gallimard},
    series = {Quarto},
    location = {Paris},
    year = 1995,
    pagetotal = {7},
    language = {français},
    keywords = {outil-recherche-crh}
    }

@incollection{Varet5661-1995,
    author = {Varet-Vitu, Anne and B.Lepetit and M.Sinarellis and A.Laclau},
    editor = {},
    title = {Population},
    booktitle = {Atlas de la Révolution française. vol.8: Population},
    publisher = {EHESS},
    series = {},
    location = {Paris},
    year = 1995,
    pagetotal = {93},
    language = {français},
    keywords = {outil-recherche-crh}
    }

