@report{Hemardinquer909-1965,
    author = {Hemardinquer, Jean-Jacques},
    title = {La recherche en histoire des sciences et des techniques. Matériaux pour un inventaire général},
    publisher = {EPHE},
    institution = {},
    location = {Paris},
    year = 1965,
    pagetotal = {70},
    language = {français},
    keywords = {report-crh}
    }

@report{Schnapper1245-1974,
    author = {Schnapper, Dominique},
    title = {La représentation de l'espace urbain pour les Italiens émigrés.2e partie},
    publisher = {},
    institution = {DGRST},
    location = {},
    year = 1974,
    pagetotal = {115},
    language = {français},
    keywords = {report-crh}
    }

@report{Schnapper1246-1976,
    author = {Schnapper, Dominique},
    title = {La représentation de l'espace urbain pour les Italiens émigrés. 1ère partie},
    publisher = {},
    institution = {DGRST},
    location = {},
    year = 1976,
    pagetotal = {44},
    language = {français},
    keywords = {report-crh}
    }

@report{Schnapper1247-1976,
    author = {Schnapper, Dominique and D. Hanet},
    title = {Archives orales pour l'histoire de la Sécurité Sociale},
    publisher = {},
    institution = {comité pour l'histoire de la Sécurité sociale},
    location = {},
    year = 1976,
    pagetotal = {14},
    language = {français},
    keywords = {report-crh}
    }

@report{Burguiere1272-1974,
    author = {Burguiere, André},
    title = {La notion d'homéostasis en Démographie - Approche historique},
    publisher = {},
    institution = {Centre Royaumont pour une science de l'homme},
    location = {},
    year = 1974,
    pagetotal = {},
    language = {français},
    keywords = {report-crh}
    }

@report{Schnapper1703-1979,
    author = {Schnapper, Dominique},
    title = {Le vécu du chômage, essai d'interprétation sociologique},
    publisher = {ministère du travail},
    institution = {ministère du travail},
    location = {Paris},
    year = 1979,
    pagetotal = {60},
    language = {français},
    keywords = {report-crh}
    }

@report{Chapelot1793-1979,
    author = {Chapelot, Jean and A.Querrien and A.Schnapp},
    title = {Rapport sur la politique de la recherche archéologique en France},
    publisher = {},
    institution = {rapport DGRST},
    location = {},
    year = 1979,
    pagetotal = {258},
    language = {français},
    keywords = {report-crh}
    }

@report{Goy1879-1980,
    author = {Goy, Joseph and A.Burguière and J.Ozouf},
    title = {Archives orales pour l'histoire. Histoire de vie et anthropologie historique du changement},
    publisher = {},
    institution = {DGRST},
    location = {},
    year = 1980,
    pagetotal = {},
    language = {français},
    keywords = {report-crh}
    }

@report{Chapelot2051-1980,
    author = {Chapelot, Jean and A. Geistdoerfer and E.Rieth},
    title = {Les iles St-Pierre et Miquelon: étude archéologique, historique et ethnographique},
    publisher = {MSH},
    institution = {},
    location = {Paris},
    year = 1980,
    pagetotal = {178},
    language = {français},
    keywords = {report-crh}
    }

@report{Reberioux2570-1982,
    author = {Reberioux, Madeleine},
    title = {Les Femmes en France dans une société d'inégalités},
    publisher = {La documentation française},
    institution = {Ministre des Droits de la Femme},
    location = {Paris},
    year = 1982,
    pagetotal = {},
    language = {français},
    keywords = {report-crh}
    }

@report{Goubert3098-1988,
    author = {Goubert, Jean-Pierre and R. Bercovici and J. Csergo and I. Foucauld and F. Ghin},
    title = {Enjeux économiques et industriels. Les normes techniques et leurs relations avec les usages sociaux},
    publisher = {},
    institution = {Délégation à la recherche et à l'innovation du Ministère de l'urbanisme et du logement},
    location = {},
    year = 1988,
    pagetotal = {281},
    language = {français},
    keywords = {report-crh}
    }

@report{Chapelot3833-1991,
    author = {Chapelot, Jean and J. Barréra and C. Carrierre-Desbois and V. Serna and M. Viré},
    title = {Fouille de sauvetage d'une latrine médiévale dans la tour des Salves du château de Vincennes},
    publisher = {},
    institution = {Equipe de recherche sur le château de Vincennes et la banlieue est},
    location = {},
    year = 1991,
    pagetotal = {},
    language = {français},
    keywords = {report-crh}
    }

@report{Chapelot3834-1991,
    author = {Chapelot, Jean},
    title = {Le manoir capétien de Vincennes. Rapport de fouille. Rapport 4},
    publisher = {},
    institution = {Equipe de recherche sur le château de Vincennes et la banlieue est},
    location = {},
    year = 1991,
    pagetotal = {},
    language = {français},
    keywords = {report-crh}
    }

@report{Chapelot3835-1991,
    author = {Chapelot, Jean and S. Collet and V. Serna and P.-J. Trombetta and M. Viré},
    title = {Le manoir capétien de Vincennes. Rapport de fouille. Rapport 2},
    publisher = {},
    institution = {Equipe de recherche sur le château de Vincennes et la banlieue est},
    location = {},
    year = 1991,
    pagetotal = {},
    language = {français},
    keywords = {report-crh}
    }

@report{Chapelot4882-1994,
    author = {Chapelot, Jean and O. Chapelot and O. Blin and C. Carrierre-Desbois,},
    title = {Le Manoir capétien de Vincennes. Rapport de fouille (Années 1992-1993)},
    publisher = {},
    institution = {Equipe de recherche sur le château de Vincennes et la banlieue est},
    location = {},
    year = 1994,
    pagetotal = {},
    language = {français},
    keywords = {report-crh}
    }

@report{Chapelot4884-1994,
    author = {Chapelot, Jean and O. Chapelot and V. Hébrard},
    title = {L'Enceinte du donjon de Vincennes : évolution du XIVe siècle à nos jours. L'aménagement des lieux et la couverture. Les matériaux de couverture en Ile-de-France. Etude préalable à la restauration des couvertures du chemin de ronde du donjon},
    publisher = {},
    institution = {Equipe de recherche sur le château de Vincennes et la banlieue est},
    location = {},
    year = 1994,
    pagetotal = {},
    language = {français},
    keywords = {report-crh}
    }

@report{Chapelot4885-1994,
    author = {Chapelot, Jean and C. Carrierre-Desbois and and P. MacIntyre},
    title = {Le Manoir médiéval de Vincennes. Rapport de fouille. III},
    publisher = {},
    institution = {Equipe de recherche sur le château de Vincennes et la banlieue est},
    location = {},
    year = 1994,
    pagetotal = {},
    language = {français},
    keywords = {report-crh}
    }

@report{Chapelot4886-1995,
    author = {Chapelot, Jean and O. Chapelot, and J. Bertrand and F. Boyer and S. Buttner and I. Cabillic and  B. Rieth and H. Tasman},
    title = {Premier bilan de l'étude historique et architecturale du château de Vincennes},
    publisher = {},
    institution = {Equipe de recherche sur le château de Vincennes et la banlieue est},
    location = {},
    year = 1995,
    pagetotal = {},
    language = {français},
    keywords = {report-crh}
    }

@report{Chapelot4889-1996,
    author = {Chapelot, Jean and G. Alexandre and K. Berthier and S. Buttner and S. Jardin and V. Mataouchek and L. Vissière},
    title = {Sondages archéologiques dans le château de Vincennes : sondages au revers des voûtes des premier, second et troisième étages du donjon; sondages archéologiques dans les douves contre le pont de la tour du Village},
    publisher = {},
    institution = {Equipe de recherche sur le château de Vincennes et la banlieue est},
    location = {},
    year = 1996,
    pagetotal = {},
    language = {français},
    keywords = {report-crh}
    }

@report{Chapelot4890-1996,
    author = {Chapelot, Jean and S. Büttner and C. Cammas and C. Carrierre-Desbois and R. Guillemin and P. MacIntyre and E. Marmet},
    title = {Fouilles du manoir de Vincennes (1991-1996). Document final de synthès},
    publisher = {},
    institution = {Equipe de recherche sur le château de Vincennes et la banlieue est},
    location = {},
    year = 1996,
    pagetotal = {},
    language = {français},
    keywords = {report-crh}
    }

@report{Chapelot4893-1996,
    author = {Chapelot, Jean and H.S. Tasman},
    title = {La Tour de latrines du donjon de Vincennes. Reconnaissance architecturale},
    publisher = {},
    institution = {Equipe de recherche sur le château de Vincennes et la banlieue est},
    location = {},
    year = 1996,
    pagetotal = {},
    language = {français},
    keywords = {report-crh}
    }

@report{Chapelot4894-1994,
    author = {Chapelot, Odette and J. Chapelot and O. Blin and C. Carrierre-Desbois et},
    title = {Le Manoir capétien de Vincennes. Rapport de fouille (Années 1992-1993)},
    publisher = {},
    institution = {Equipe de recherche sur le château de Vincennes et la banlieue est},
    location = {},
    year = 1994,
    pagetotal = {},
    language = {français},
    keywords = {report-crh}
    }

@report{Chapelot4895-1994,
    author = {Chapelot, Odette and J. Chapelot and V. Hébrard},
    title = {L'Enceinte du donjon de Vincennes : évolution du XIVe siècle à nos jours. L'aménagement des lieux et la couverture. Les matériaux de couverture en Ile-de-France. Etude préalable à la restauration des couvertures du chemin de ronde du donjon},
    publisher = {},
    institution = {Equipe de recherche sur le château de Vincennes et la banlieue est},
    location = {},
    year = 1994,
    pagetotal = {},
    language = {français},
    keywords = {report-crh}
    }

@report{Chapelot4896-1995,
    author = {Chapelot, Odette and J. Chapelot, and J. Bertrand and F. Boyer and S. Buttner and I. Cabillic and  B. Rieth and H. Tasman},
    title = {Premier bilan de l'étude historique et architecturale du château de Vincennes},
    publisher = {},
    institution = {Equipe de recherche sur le château de Vincennes et la banlieue est},
    location = {},
    year = 1995,
    pagetotal = {},
    language = {français},
    keywords = {report-crh}
    }

@report{Bergeron5641-1982,
    author = {Bergeron, Louis},
    title = {Les moteurs hydrauliques et leurs applications industrielles en France},
    publisher = {CILAC/EHESS},
    institution = {},
    location = {Paris},
    year = 1982,
    pagetotal = {134},
    language = {français},
    keywords = {report-crh}
    }

@report{Bergeron5642-1982,
    author = {Bergeron, Louis},
    title = {Inventaire expérimental des moteurs hydrauliques et de leurs applications industrielles (France, XVIIIe-XIXe siècles)},
    publisher = {CILAC/EHESS},
    institution = {},
    location = {Paris},
    year = 1982,
    pagetotal = {150},
    language = {français},
    keywords = {report-crh}
    }

