@thesis{Hemardinquer941-1950,
    author = {Hemardinquer, Jean-Jacques},
    title = {D.E.S.: La Réforme en Dauphiné jusqu'au début des guerres de religion, notamment d'après les arrêts inédits du Parlement de Grenoble},
    institution = {},
    location = {Grenoble},
    year = 1950,
    pagetotal = {},
    language = {français},
    keywords = {theses-crh, crh-1950}
    }

@thesis{Goubert1120-1972,
    author = {Goubert, Jean-Pierre},
    title = {Malades et Médecins en Bretagne 1770-1790 (thèse de 3e cycle)},
    institution = {},
    location = {},
    year = 1972,
    pagetotal = {},
    language = {français},
    keywords = {theses-crh, crh-1972}
    }

@thesis{Salaun1130-1973,
    author = {Salaun, J.-P},
    title = {Iglous du Nord Groenland (Thèse de 3e cycle)},
    institution = {},
    location = {},
    year = 1973,
    pagetotal = {},
    language = {français},
    keywords = {theses-crh, crh-1973}
    }

@thesis{Techeney1131-1973,
    author = {Techeney, E},
    title = {Parures humaines du Louristan(thèse de 3e cycle)},
    institution = {},
    location = {},
    year = 1973,
    pagetotal = {},
    language = {français},
    keywords = {theses-crh, crh-1973}
    }

@thesis{Ferenczi1184-1975,
    author = {Ferenczi, R},
    title = {Kafka. Subjectivité, Histoire et Structures},
    institution = {Klincksieck},
    location = {Paris},
    year = 1975,
    pagetotal = {},
    language = {français},
    keywords = {theses-crh, crh-1975}
    }

@thesis{Bergeron1261-1975,
    author = {Bergeron, Louis},
    title = {Banquiers, négociants et manufacturiers parisiens, du Directoire à l'Empire},
    institution = {Atelier de reproduction des thèses},
    location = {Lille 3},
    year = 1975,
    pagetotal = {},
    language = {français},
    keywords = {theses-crh, crh-1975}
    }

@thesis{Dupaquier1638-1979,
    author = {Dupaquier, Jacques},
    title = {La population du bassin parisien à l'époque de Louis XIV},
    institution = {EHESS-Lille III},
    location = {Paris-Lille},
    year = 1979,
    pagetotal = {},
    language = {français},
    keywords = {theses-crh, crh-1979}
    }

@thesis{Schnapper1714-1979,
    author = {Schnapper, Dominique},
    title = {Traditions culturelles et société industrielle},
    institution = {Université Paris5},
    location = {Paris},
    year = 1979,
    pagetotal = {435},
    language = {français},
    keywords = {theses-crh, crh-1979}
    }

@thesis{Bourdelais1754-1979,
    author = {Bourdelais, Patrice},
    title = {Le choléra en France, 1832 et 1854. Essai d'épidémiologie historique},
    institution = {},
    location = {Paris},
    year = 1979,
    pagetotal = {},
    language = {français},
    keywords = {theses-crh, crh-1979}
    }

@thesis{Fenot1755-1980,
    author = {Fenot, P},
    title = {Etude anthropologique des relations espace-population dans une commune rurale des Pyrénées Atlantiques},
    institution = {},
    location = {Paris-EHESS},
    year = 1980,
    pagetotal = {},
    language = {français},
    keywords = {theses-crh, crh-1980}
    }

@thesis{Netter1756-1980,
    author = {Netter, Marie-Laurence},
    title = {Alphabétisation et scolarisation dans l'Yonne et dans la Haute-Garonne de la fin du 17e siècle à 1833},
    institution = {},
    location = {Paris},
    year = 1980,
    pagetotal = {},
    language = {français},
    keywords = {theses-crh, crh-1980}
    }

@thesis{Beck2058-1980,
    author = {Beck, Patrice},
    title = {Une ville rurale à la fin du moyen âge: Nuits (Bourgogne). Espace, démographie et société},
    institution = {},
    location = {Paris},
    year = 1980,
    pagetotal = {},
    language = {français},
    keywords = {theses-crh, crh-1980}
    }

@thesis{Delille2059-1982,
    author = {Delille, Gérard},
    title = {Famille et propriété dans le royaume de Naples (15e-19e siècles)},
    institution = {Université Paris1},
    location = {Paris},
    year = 1982,
    pagetotal = {},
    language = {français},
    keywords = {theses-crh, crh-1982}
    }

@thesis{Triantafyllidou2060-1981,
    author = {Triantafyllidou-Baladie, Yolande},
    title = {Le commerce de la Crète, de la conquête ottomane à la fin du 18e siècle (1669-1795)},
    institution = {Université Paris7},
    location = {Paris},
    year = 1981,
    pagetotal = {},
    language = {français},
    keywords = {theses-crh, crh-1981}
    }

@thesis{Berlioz2113-1984,
    author = {Berlioz, Jacques},
    title = {Edition critique du 'Tractatus de diversis materiis predicabilibus' du dominicain Etienne de Bourbon (+ vers 1261), troisième partie, 'De dono scientie'},
    institution = {},
    location = {Paris},
    year = 1984,
    pagetotal = {},
    language = {français},
    keywords = {theses-crh, crh-1984}
    }

@thesis{Biquard2814-1986,
    author = {Biquard, Claire},
    title = {La lutte de l'Eglise contre les fêtes païennes, les jeux et les divertissements au XVIe et XVIIe siècles (thèse de doctorat de 3e cycle)},
    institution = {},
    location = {},
    year = 1986,
    pagetotal = {},
    language = {français},
    keywords = {theses-crh, crh-1986}
    }

