@book{Fauve1748-1980,
    author = {Fauve, Antoinette and W.Petersen},
    title = {traduction de: Malthus, le premier anti-malthusien},
    publisher = {Dunod},
    series = {},
    location = {Paris},
    year = 1980,
    pagetotal = {270},
    language = {français},
    keywords = {traduction-crh, crh-1980}
    }

@book{Andreau2722-1987,
    author = {Andreau, Jean},
    title = {traduction et introduction},
    publisher = {},
    series = {},
    location = {Paris},
    year = 1987,
    pagetotal = {9},
    language = {français},
    keywords = {traduction-crh, crh-1987}
    }

@book{Berlioz4786-1995,
    author = {Berlioz, Jacques},
    title = {traduction de: Le Premier Mythographe du Vatican},
    publisher = {Les belles lettres},
    series = {Les universités de France},
    location = {Paris},
    year = 1995,
    pagetotal = {},
    language = {français},
    keywords = {traduction-crh, crh-1995}
    }

@book{Brabant4852-1996,
    author = {Brabant, Eva and M. Martin},
    title = {traduction de Gésa Csath: En se comblant mutuellement de bonheur},
    publisher = {Petite bibliothèque d'Ombres},
    series = {},
    location = {Toulouse},
    year = 1996,
    pagetotal = {},
    language = {français},
    keywords = {traduction-crh, crh-1996}
    }

@book{Descimon5070-1996,
    author = {Descimon, Robert},
    title = {traduction: Les Élites du pouvoir et la construction de l'État en Europe},
    publisher = {},
    series = {},
    location = {Paris},
    year = 1996,
    pagetotal = {414},
    language = {français},
    keywords = {traduction-crh, crh-1996}
    }

