% Encoding: UTF-8
%%%%%%%%%%%%%%%%%%%%%%%%%%%%%%

%%%%BIBLIOGRAPHIE 2021 CRH%%%%

% Author : Jean-Damien Généro

% Date : 2020-04-28

% Update : 2020-04-28

%%%%%%%%%%%%%%%%%%%%%%%%%%%%%%

%%%%%% MONOGRAPHIES 2021 %%%%%%

@book{chemla2020-6,
  author = {Chemla, Jacques and Valensi, Lucette and Goffard, Monique},
  title = {Un siècle de céramique d’art en Tunisie. Les fils de J. Chemla},
  publisher = {Demeter},
  note = {nouvelle édition},
  date = {2021},
  pagetotal = {161},
  language = {fr},
  address = {Tunis},
  keywords = {monographie}
}
@book{valensi2020-26,
  author = {Valensi, Lucette},
  title = {Fables de la mémoire},
  pagetotal = {407},
  subtitle = {La glorieuse bataille des Trois rois},
  publisher = {La croisée des chemins},
  note = {nouvelle édition},
  date = {2021},
  language = {fr},
  address = {Casablanca},
  keywords = {monographie}
}
%%%%%% DIRECTION D'OUVRAGE 2021 %%%%%%

%%%%%% DIRECTIONS DE NUMERO DE REVUE 2021 %%%%%%
% @periodical : <title> = titre du périodique, <title> titre du numéro.
% @proceedings : <title> = titre du périodique, <subtitle> titre du numéro.

%%%%%% ÉDITIONS ET ÉDITIONS CRITIQUES 2021 %%%%%%

%%%%%% PRÉFACES ET POSTFACES 2021 %%%%%%

%%%%%% ARTICLES 2021 %%%%%%

@article{baumgarten2021-104,
  author = {Baumgarten, Jean},
  journal = {Revue des études juives},
  title = {Exil et rédemption de la langue chez Rabbi Nahman de Bratslav},
  pages = {417–442},
  volume = {179},
  date = {2021},
  language = {fr},
  keywords = {article}
}

%%%%%% CHAPITRES D'OUVRAGE COLLECTIF 2021 %%%%%%

@incollection{miramon2020-216,
  title = {La mutation de l’enseignement du Décret de Gratien à Bologne à la fin du XIIe siècle},
  author = {De Miramon, Charles},
  url = {https://hal.archives-ouvertes.fr/hal-03198849},
  booktitle = {Proceedings of the 15th Congress of Medieval Canon Law},
  editor = {Roumy, Franck},
  editortype = {dir.},
  publisher = {BAV},
  address = {Rome},
  pages = {},
  date = {2021},
  keywords = {chap}
}

%%%%%% ARTICLES D'ENCYCLOPÉDIE ET DE DICT 2019 %%%%%%

%%%%%% COMPTE RENDUS 2021 %%%%%%

%%%%%% TRADUCTIONS 2021 %%%%%%

%%%%%% AUTRES 2021 %%%%%%

%%%%%% VULGARISATION 2021 %%%%%%

@book{farge2020-544,
  author = {Farge, Arlette},
  editor = {Vidal-Naquet, Clémentine},
  editortype = {éd.},
  title = {Instants de vie},
  publisher = {Éditions de l'EHESS},
  date = {2021},
  pagetotal = {131},
  language = {fr},
  series = {Audiographie},
  address = {Paris},
  keywords = {vulgarisation, vulgarisationbook}
}
