% Encoding: UTF-8
%%%%%%%%%%%%%%%%%%%%%%%%%%%%%%

%%%%BIBLIOGRAPHIE 2019 CRH%%%%

% Author : Jean-Damien Généro

% Affiliation : French National Center for Scientific Research (CNRS)

% Date : 2021-04-06

% Update : 2021-05-04

%%%LICENSE CC BY-NC-SA 4.0%%%%

% Attribution-NonCommercial-ShareAlike 4.0 International

% More info :
% https://creativecommons.org/licenses/by-nc-sa/4.0/

%%%%%%%%%%%%%%%%%%%%%%%%%%%%%%

%%%%%% MONOGRAPHIES 2019 %%%%%%

@book{berlioz2019-1,
  author = {Berlioz, Jacques and De Baecque, Antoine},
  title = {Jean Jacob, l’homme de 120 ans},
  subtitle = {Doyen du genre humain, 1669-1790},
  publisher = {Tallandier},
  date = {2019},
  pagetotal = {220},
  language = {fr},
  address = {Paris},
  keywords = {monographie}
}
@book{blanquie2019-2,
  author = {Blanquie, Christophe},
  title = {Bussy-Rabutin ou le désœuvrement de l’épistolier},
  publisher = {Centre de recherches historiques},
  series = {Les Dossiers du Grihl},
  date = {2019},
  pagetotal = {292},
  language = {fr},
  address = {Paris},
  doi = {10.4000/dossiersgrihl.7239},
  keywords = {monographie}
}
@book{canal2019-3,
  author = {Canal, Jordi},
  title = {La Monarquía en el siglo XXI},
  publisher = {Turner},
  date = {2019},
  pagetotal = {93},
  language = {es},
  address = {Madrid},
  keywords = {monographie}
}
@book{dakhlia2019-4,
  author = {Dakhlia, Jocelyne},
  title = {Al-Islâm wa’l Gharb},
  subtitle = {Min idiyulujiyyat al-sadâm ilâ jadaliyyat al-nizâ`},
  translator = {Ben Sghir, Khalid},
  publisher = {Fondation Ibn Saud},
  date = {2019},
  language = {es},
  address = {Casablanca, Maroc},
  keywords = {monographie}
}
@book{dakhlia2019-5,
  author = {Dakhlia, Jocelyn},
  title = {Islamicités},
  publisher = {Éditions de la Fondation Ibn Saoud},
  address = {Casablanca},
  language = {ar},
  year = {2019},
  note = {traduction en langue arabe du volume paru aux PUF en 2005},
  keywords = {monographie}
}
@book{debiais2019-6,
  author = {Debiais, Vincent},
  title = {Le Silence dans l’art},
  subtitle = {Théologie et liturgie du silence dans les images médiévales},
  publisher = {Éditions du Cerf},
  date = {2019},
  pagetotal = {312},
  language = {fr},
  address = {Paris},
  url = {https://halshs.archives-ouvertes.fr/halshs-03051613},
  HAL_id = {halshs-03051613},
  HAL_version = {v1},
  keywords = {monographie}
}
@book{green2019-7,
  author = {Green, Nancy L.},
  title = {The Limits of Transnationalism},
  publisher = {University of Chicago Press},
  date = {2019},
  pagetotal = {219},
  language = {en},
  address = {Chicago},
  keywords = {monographie}
}
@book{hachezleroy2019-8,
  author = {Hachez-Leroy, Florence},
  title = {Menaces sur l’alimentation},
  subtitle = {Emballages, colorants et autres contaminants alimentaires, XIXe XXIe},
  publisher = {PUFR- PUR},
  series = {Tables des hommes},
  date = {2019},
  pagetotal = {288},
  language = {fr},
  keywords = {monographie}
}
@book{iacub2019-9,
  author = {Iacub, Marcela},
  title = {La Fin du couple},
  note = {Traduction coréenne par Chaeksesang Pub. Co. de l'ouvrage publié aux éditions Stock en 2016},
  publisher = {Icarias Agency},
  date = {2019},
  pagetotal = {177},
  address = {Séoul},
  keywords = {monographie}
}
@book{joly2019-10,
  author = {Joly, Laurent},
  title = {Les Collabos},
  subtitle = {Treize portraits d’après les archives des services secrets de Vichy, des RG et de l’épuration},
  note = {Nouvelle édition revue, mise à jour et augmentée},
  publisher = {Tallandier},
  date = {2019},
  pagetotal = {256},
  language = {fr},
  address = {Paris},
  keywords = {monographie}
}
@book{jouhaud2019-11,
  author = {Jouhaud, Christian},
  title = {Une femme a passé},
  subtitle = {Méditation sur la Gradiva},
  publisher = {Gallimard},
  series = {NRF, Connaissance de l'inconscient},
  date = {2019},
  language = {fr},
  address = {Paris},
  url = {https://halshs.archives-ouvertes.fr/halshs-03137219},
  HAL_id = {halshs-03137219},
  HAL_version = {v1},
  keywords = {monographie}
}
@book{klapischzuber2019-12,
  author = {Klapisch-Zuber, Christiane},
  title = {Se faire un nom},
  subtitle = {L’invention de la célébrité à la Renaissance},
  publisher = {Arkhé},
  date = {2019},
  pagetotal = {172},
  language = {fr},
  address = {Paris},
  keywords = {monographie}
}
@book{labbe2019-13,
  author = {Labbé, Morgane},
  title = {La Nationalité, une histoire de chiffres},
  subtitle = {Politique et statistiques en Europe centrale (1848-1919)},
  publisher = {Presses de SciencesPo},
  pagetotal = {382},
  language = {fr},
  address = {Paris},
  date = {2019},
  keywords = {monographie}
}
@book{lilti2019-14,
  author = {Lilti, Antoine},
  title = {L’Héritage des Lumières},
  subtitle = {Ambivalences de la modernité},
  publisher = {Éditions de l’EHESS/Gallimard/Le Seuil},
  series = {Hautes Etudes},
  date = {2019},
  language = {fr},
  address = {Paris},
  keywords = {monographie}
}
@book{lyoncaen2019-15,
  author = {Lyon-Caen, Judith},
  title = {La Griffe du temps},
  subtitle = {Ce que l'histoire peur dire de la littérature},
  publisher = {Gallimard},
  series = {NRF Essais},
  date = {2019},
  pagetotal = {304},
  language = {fr},
  address = {Paris},
  url = {https://halshs.archives-ouvertes.fr/halshs-03137690},
  HAL_id = {halshs-03137690},
  HAL_version = {v1},
  keywords = {monographie}
}
@book{muchnik2019-16,
  author = {Muchnik, Natalia and Monge, Mathilde},
  title = {L'Europe des diasporas (XVIe-XVIIIe siècle)},
  publisher = {PUF},
  date = {2019},
  pagetotal = {544},
  language = {fr},
  address = {Paris},
  url = {https://halshs.archives-ouvertes.fr/halshs-02053771},
  HAL_id = {halshs-02053771},
  HAL_version = {v1},
  keywords = {monographie}
}
@book{muchnik2019-17,
  author = {Muchnik, Natalia},
  title = {Les Prisons de la foi},
  subtitle = {L'enfermement des minorités (XVIe-XVIIIe siècle)},
  publisher = {PUF},
  date = {2019},
  pagetotal = {352},
  language = {fr},
  address = {Paris},
  keywords = {monographie}
}
@book{naiweld2019-18,
  author = {Naiweld, Ron},
  title = {Histoire de Yahvé},
  subtitle = {La fabrique d’un mythe occidental},
  publisher = {Fayard},
  date = {2019},
  language = {fr},
  address = {Paris},
  keywords = {monographie}
}
@book{passini2019-19,
  author = {Passini, Jean and Rubio Rivera, Rebeca and Benito, Ricardo Izquierdo},
  title = {El Agua en Toledo y su entorno : épocas romana y medieval},
  date = {2019},
  pagetotal = {456},
  language = {es},
  address = {Cuenca},
  keywords = {monographie}
}
@book{piron2019-20,
  author = {Piron, Sylvain},
  title = {Dialettica del mostro},
  subtitle = {Indagine su Opicino de Canistris},
  translator = {Guidi Nissim, Angela},
  publisher = {Adelphi},
  date = {2019},
  pagetotal = {350},
  language = {it},
  address = {Milan},
  url = {https://halshs.archives-ouvertes.fr/halshs-02138477},
  pdf = {https://halshs.archives-ouvertes.fr/halshs-02138477/file/Postface%20pour%20l%E2%80%99e%CC%81dition%20italienne.pdf},
  HAL_id = {halshs-02138477},
  HAL_version = {v1},
  keywords = {monographie}
}
@book{schmitt2019-21,
  author = {Schmitt, Jean-Claude},
  title = {Penser par figure Du compas divin aux diagrammes magiques},
  publisher = {Arkhé},
  date = {2019},
  pagetotal = {175},
  language = {fr},
  address = {Paris},
  keywords = {monographie}
}
@book{stella2019-22,
  author = {Stella, Alessandro},
  title = {L'Herbe du diable ou la chair des dieux ?},
  subtitle = {La prohibition des drogues et l'Inquisition},
  publisher = {éditions Divergences},
  date = {2019},
  pagetotal = {194},
  language = {fr},
  address = {Paris},
  keywords = {monographie}
}
@book{zuniga2019-23,
  author = {Zuniga, Jean-Paul},
  title = {Casta, raza, lazo social},
  subtitle = {El léxico de la pertenencia en la América española, siglos XVII-XVIII},
  publisher = {Editorial de la Universidad de Granada},
  series = {Historia},
  date = {2019},
  language = {es},
  address = {Granada},
  keywords = {monographie}
}

%%%%%% DIRECTIONS D'OUVRAGE 2019 %%%%%%

@proceedings{amiel2019-24,
  editor = {Amiel, Charles and Macris, Constantinos and Kerchove, Joëlle Soler},
  editortype = {dir.},
  title = {Appropriations monothéistes de figures « païennes »},
  publisher = {Armand Colin},
  date = {2019},
  pagetotal = {208},
  language = {fr},
  address = {Paris},
  keywords = {dirouvrage}
}
@proceedings{asseo2019-25,
  editor = {Asséo, Henriette and Bellaïche-Cohen, Annie and Flicoteaux, Muriel and Guttstadt, Corry and Rothéa, Xavier and Soulam, Sabi and Toledo, Alain},
  editortype = {dir.},
  title = {Mémorial des Judéo-Espagnols déportés de France},
  publisher = {Muestros Dezaparesidos},
  date = {2019},
  pagetotal = {719},
  language = {es},
  address = {Paris},
  keywords = {dirouvrage}
}
@proceedings{baumgarten2019-26,
  editor = {Baumgarten, Jean and Rosier-Catach, Irène and Totaro, Pina},
  editortype = {dir.},
  title = {Spinoza : Philosophe grammairien},
  publisher = {CNRS Éditions},
  date = {2019},
  pagetotal = {295},
  language = {fr},
  address = {Paris},
  keywords = {dirouvrage}
}
@proceedings{quennouellecorre2019-27,
  editor = {Quennouëlle-Corre, Laure and Béaur, Gérard},
  editortype = {dir.},
  title = {Les Crises de la dette publique XVIIIe-XXIe siècle},
  publisher = {IGPDE},
  date = {2019},
  note = {avec introduction},
  language = {fr},
  address = {Paris},
  keywords = {dirouvrage}
}
@proceedings{debiais2019-28,
  editor = {Debiais, Vincent and Palazzo, Eric},
  editortype = {dir.},
  title = {Voiler et dévoiler. Le rideau dans l’art et la liturgie antique et médiévale},
  publisher = {Geuthner},
  date = {2019},
  language = {fr},
  address = {Paris},
  keywords = {dirouvrage}
}
@proceedings{debiais2019-29,
  editor = {Debiais, Vincent and Angotti, Claire and Chastang, Pierre and Kendrick, Laura},
  editortype = {dir.},
  title = {Le Pouvoir des listes au Moyen Âge},
  subtitle = {Écritures des listes},
  date = {2019},
  language = {fr},
  address = {Paris},
  keywords = {dirouvrage}
}
@proceedings{massardguilbaud2019-30,
  editor = {Massard-Guilbaud, Geneviève and Mathis, Charles-François},
  editortype = {dir.},
  title = {Sous le Soleil. Systèmes et transitions énergétiques du Moyen Âge à nos jours},
  publisher = {Éditions de la Sorbonne},
  date = {2019},
  language = {fr},
  address = {Paris},
  keywords = {dirouvrage}
}
@proceedings{goldberg2019-31,
  editor = {Goldberg, Sylvie-Anne},
  editortype = {dir.},
  title = {Comment s’écrit l’histoire juive},
  publisher = {Albin-Michel},
  date = {2019},
  pagetotal = {256},
  language = {fr},
  address = {Paris},
  keywords = {dirouvrage}
}
@proceedings{graber2019-32,
  editor = {Graber, Frédéric},
  editortype = {dir.},
  title = {Les Mesures de l’eau},
  date = {2019},
  language = {fr},
  publisher = {Éditions sociales},
  series = {Histoire et Mesure},
  address = {Paris},
  keywords = {dirouvrage}
}
@proceedings{grevin2019-33,
  editor = {Grévin, Benoît and Hartmann, Florian},
  editortype = {dir.},
  title = {Ars dictaminis. Handbuch der mittelalterlichen Briefstillehre},
  publisher = {Anton Hiersemann Verlag},
  volume = {65},
  pagetotal = {720},
  language = {de},
  address = {Stuttgart},
  date = {2019},
  keywords = {dirouvrage}
}
@proceedings{malaprade2019-34,
  editor = {Malaprade, Sébastien and Castejón, Philippe},
  editortype = {dir.},
  title = {Arcana Imperii. Gouverner par le secret à l’époque moderne (Espagne, France, Italie)},
  publisher = {les Indes Savantes},
  date = {2019},
  language = {fr},
  address = {Paris},
  keywords = {dirouvrage}
}
@proceedings{herment2019-35,
  editor = {Herment, Laurent and Mignemi, Niccolo and Ronsijn, Wouter},
  editortype = {dir.},
  title = {Stocks, seasons and sales. Food supply, storage and markets in Europe and the New World, c. 1600-2000},
  volume = {17},
  publisher = {Brepols},
  date = {2019},
  language = {en},
  series = {CORN},
  address = {Turnout},
  url = {https://hal.archives-ouvertes.fr/hal-02552452},
  HAL_id = {hal-02552452},
  HAL_version = {v1},
  keywords = {dirouvrage}
}
@proceedings{herment2019-36,
  editor = {Herment, Laurent},
  editortype = {dir.},
  title = {L’Histoire rurale de l’Europe, XVIe-XXe siècle},
  publisher = {Éditions EHESS},
  date = {2019},
  language = {fr},
  series = {En temps \& lieux},
  address = {Paris},
  keywords = {dirouvrage}
}
@proceedings{iacub2019-37,
  editor = {Iacub, Marcela},
  editortype = {dir.},
  title = {Les Architectures du bonheur de Charles Fourier aux Grands Voisins},
  publisher = {Éditions Descartes \& Cie et Cent Mille Millards},
  date = {2019},
  pagetotal = {104},
  language = {fr},
  address = {Paris},
  keywords = {dirouvrage}
}
@proceedings{luna2019-38,
  editor = {Luna, Pablo F. and Quiroz, Francisco Ch.},
  editortype = {dir.},
  title = {Haciendas en el Mundo Andino, Siglos XVI-XX},
  publisher = {Institut français d’études andines (Umifre 17) / Fondation M. J. Bustamante de la Fuente},
  date = {2019},
  pagetotal = {253},
  language = {fr},
  address = {Lima},
  note = {Avec le soutien du Centre de recherches historiques CRH (CNRS-EHESS UMR 8558)},
  keywords = {dirouvrage}
}
@proceedings{lyoncaen2019-39,
  editor = {Lyon-Caen, Judith and Kichelewski, Audrey and Szurek, Jean-Charles and Wieviorka, Annette},
  editortype = {dir.},
  title = {Les Polonais et la Shoah. Une nouvelle école historique},
  publisher = {Éditions du CNRS},
  date = {2019},
  language = {fr},
  address = {Paris},
  keywords = {dirouvrage}
}
@proceedings{monnet2019-40,
  editor = {Monnet, Pierre and Maissen, Thomas and Mittler, Barbara},
  editortype = {dir.},
  title = {Les Usages de la temporalité dans les sciences sociales/Vom Umgang mit Temporalität in den Geistes-und Sozialwissenschaften},
  publisher = {Winkler},
  date = {2019},
  language = {fr},
  address = {Bochum},
  keywords = {dirouvrage}
}
@proceedings{monnet2019-41,
  editor = {Monnet, Pierre and Rader, Olaf},
  editortype = {dir.},
  title = {Europa. Die Gegenwart unserer Geschichte (dir. par Etienne François et Thomas Serrier). Band II : Vielfalt und Widersprüche},
  publisher = {Theiss et Wissenschaftliche Buchgesellschaft},
  date = {2019},
  language = {de},
  address = {Darmstadt},
  keywords = {dirouvrage}
}
@proceedings{schmitt2019-42,
  editor = {Schmitt, Jean-Claude},
  editortype = {dir.},
  title = {Daniel Fabre, L’Invisible initiation. Édition établie et présentée avec la collaboration de Alessio Catalini et Anna Iuso},
  publisher = {EHESS},
  date = {2019},
  pages = {7–22},
  language = {fr},
  address = {Paris},
  keywords = {dirouvrage}
}
@proceedings{scioldozuercher2019-43,
  editor = {Scioldo-Zürcher, Yann and Hily, Marie-Antoinette and Ma-Mung, Emmanuel},
  editortype = {dir.},
  title = {Étudier les migrations internationales},
  publisher = {Presses universitaires François Rabelais},
  date = {2019},
  language = {fr},
  address = {Tours},
  url = {https://halshs.archives-ouvertes.fr/halshs-02085146},
  HAL_id = {halshs-02085146},
  HAL_version = {v1},
  keywords = {dirouvrage}
}
@proceedings{stella2019-44,
  editor = {Stella, Alessandro and Coppel, Anne},
  editortype = {dir.},
  title = {Living with Drugs},
  publisher = {ISTE},
  date = {2019},
  pagetotal = {350},
  language = {en},
  address = {London},
  keywords = {dirouvrage}
}

%%%%%% DIRECTIONS DE NUMERO DE REVUE 2019 %%%%%%
% @periodical : <title> = titre du périodique, <issuetitle> titre du numéro.
% @proceedings : <title> = titre du périodique, <subtitle> titre du numéro.

@proceedings{polodebeaulieu2020-224,
  title = {Archives de sciences sociales des religions},
  subtitle = {Les techniques du croire et du faire croire},
  editor = {Polo De Beaulieu, Marie Anne and Luca, Nathalie and Bigg, Charlotte and Capone, Stefania and Wanono Gauthier, Nadine},
  editortype = {dir.},
  publisher = {Éditions de l'EHESS},
  address = {Paris},
  volume = {187},
  date = {2019-07/2019-09},
  doi = {10.4000/assr.45881},
  url = {https://journals.openedition.org/assr/45881},
  note = {\url{https://hal.archives-ouvertes.fr/hal-02973695}},
  HAL_id = {hal-02973695},
  HAL_version = {v1},
  language = {fr},
  keywords = {dirrevue}
}
@proceedings{claire2019-610,
  title = {Ludica. Annali di storia e civiltà del gioco},
  subtitle = {Performance, Politics and Play},
  editor = {Claire, Elizabeth and Arcangeli, Alessandro},
  editortype = {dir.},
  publisher = {Viella and Fondazione Benetton Studi Ricerche},
  subtitle = {Performance, Politics and Play},
  volume = {25},
  year = {2019},
  url = {https://hal.archives-ouvertes.fr/hal-03054010},
  HAL_id = {hal-03054010},
  HAL_version = {v1},
  language = {fr},
  keywords = {dirrevue}
}
@proceedings{amiel2019-45,
  editor = {Amiel, Charles and Gabriel, Frédéric and Iogna-Prat, Dominique and Rauwel, Alain},
  editortype = {dir.},
  subtitle = {La Domination ecclésiale. Modèles et critiques (XIXe-XXe siècle)},
  title = {Revue de l’histoire des religions},
  publisher = {Armand Colin},
  date = {2019},
  pagetotal = {224},
  language = {fr},
  location = {Paris},
  keywords = {dirrevue}
}
@proceedings{blanquie2019-46,
  editor = {Blanquie, Christophe and Tsimbidy, Myriam},
  editortype = {dir.},
  subtitle = {Horizons épistolaires},
  date = {2019},
  pagetotal = {87},
  language = {fr},
  title = {Rabutinages},
  keywords = {dirrevue}
}
@proceedings{boudjaaba2019-47,
  editor = {Boudjaaba, Fabrice and Bournova, Eugenia and Gasperoni, Michaël and Gourdon, Vincent},
  editortype = {dir.},
  title = {Bulletin de correspondance hellénique moderne et contemporain},
  subtitle = {Le mariage dans le pourtour méditerranéen de l’Europe : du modèle à la comparaison},
  volume = {I},
  date = {2019},
  publisher = {École française d'Athènes/Open edition Web},
  url = {https://journals.openedition.org/bchmc/276},
  language = {fr},
  keywords = {dirrevue}
}
@proceedings{fridenson2019-48,
  editor = {Fridenson, Patrick and Zakharova, Larissa},
  editortype = {dir.},
  title = {Le Mouvement Social},
  subtitle = {Communiquer. De l'audiovisuel au numérique},
  publisher = {La Découverte},
  date = {2019-07},
  pagetotal = {222},
  language = {fr},
  volume = {268},
  address = {Paris},
  keywords = {dirrevue}
}
@proceedings{fridenson2019-49,
  editor = {Fridenson, Patrick and Machu, Laure and Pélisse, Jérôme},
  editortype = {dir.},
  title = {Les Cahiers du CHATEFP},
  subtitle = {La Dérogation, le droit et le travail (XIXe-XXIe siècle)},
  date = {2019-12},
  pagetotal = {116},
  publisher = {Comité d’histoire des administrations chargées du travail, de l’emploi et de la formation professionnelle},
  language = {fr},
  number = {23},
  address = {Paris},
  keywords = {dirrevue}
}
@proceedings{haddad2019-50,
  editor = {Haddad, Élie},
  editortype = {dir.},
  title = {L'Atelier du CRH},
  subtitle = {Les Règles de la parenté, entre histoire et anthropologie},
  note = {numéro spécial},
  date = {2019},
  pagetotal = {334},
  language = {fr},
  volume = {19},
  number = {bis},
  keywords = {dirrevue}
}
@proceedings{mitsou2019-51,
  editor = {Mitsou, Marilisa and Chatziioannou, Maria-Christina},
  editortype = {dir.},
  title = {L’Atelier du Centre de recherches historiques},
  subtitle = {La Biographie revisitée. Études de cas et questions méthodologiques},
  volume = {21},
  date = {2019},
  language = {fr},
  keywords = {dirrevue}
}
@proceedings{mitsou2019-52,
  editor = {Mitsou, Marilisa and Deligiannaki, Natalia and Karaoglou, Ch. L. and Haas, Diana and Lavagnini, Renata and Mackridge, Peter and Politis, Alexis and Vagenas, Nasos},
  editortype = {dir.},
  title = {Kondyloforos},
  volume = {17},
  date = {2019},
  url = {https://www.cup.gr/book/kondyloforos-tomos-17-2019/},
  language = {gr},
  keywords = {dirrevue}
}
@proceedings{stanziani2019-53,
  editor = {Stanziani, Alessandro and Middell, Matthias},
  editortype = {dir.},
  title = {Comparatif},
  subtitle = {Empires Reconfigured},
  volume = {29},
  number = {3},
  date = {2019},
  language = {en},
  keywords = {dirrevue}
}
@proceedings{joly2019-54,
  editor = {Joly, Laurent},
  editortype = {dir.},
  title = {Revue Guerres mondiales et conflits contemporains},
  subtitle = {Les Français et les Françaises en Allemagne pendant la Seconde Guerre mondiale. Travail forcé, captivité, répression},
  volume = {274},
  date = {2019},
  pages = {3–127},
  language = {fr},
  note = {coordination du dossier},
  keywords = {dirrevue}
}

%%%%%% ÉDITIONS ET ÉDITIONS CRITIQUES 2019 %%%%%%

@book{baruch2019-55,
  editor = {Baruch, Marc Olivier},
  editortype = {éd.},
  title = {Georges Bernanos, Lettre aux Anglais},
  publisher = {Sillage},
  date = {2019},
  language = {fr},
  address = {Paris},
  keywords = {editions}
}
@book{blanquie2019-56,
  editor = {Blanquie, Christophe},
  editortype = {éd.},
  title = {Roger de Bussy-Rabutin et Marie Madeleine de Scudéry, Correspondance},
  publisher = {Classiques Garnier},
  date = {2019},
  pages = {375},
  language = {fr},
  address = {Paris},
  keywords = {editions}
}
@book{brandi2019-57,
  editor = {Brandi, Felipe},
  editortype = {éd.},
  title = {Georges Duby, Œuvres},
  publisher = {Gallimard},
  date = {2019},
  language = {fr},
  series = {Bibliothèque de la Pléiade},
  address = {Paris},
  keywords = {editions}
}
@book{julia2019-58,
  editor = {Julia, Dominique},
  editortype = {éd.},
  note = {Édition critique},
  title = {Bernard de Bonnard, Journal de l’éducation des princes d’Orléans (décembre 1777-janvier 1782)},
  publisher = {Classiques Garnier},
  date = {2019},
  pages = {692},
  volume = {42},
  language = {fr},
  series = {Correspondances et mémoires},
  address = {Paris},
  keywords = {editions}
}
@book{ribard2019-59,
  editor = {Ribard, Dinah},
  editortype = {éd.},
  title = {1969 : Michel Foucault et la question de l’auteur. « Qu’est-ce qu’un auteur ? » Texte, présentation et commentaire},
  publisher = {Honoré Champion},
  date = {2019},
  language = {fr},
  address = {Paris},
  keywords = {editions}
}

%%%%%% PRÉFACES ET POSTFACES 2019 %%%%%%

@incollection{arnoux2019-60,
  author = {Arnoux, Mathieu},
  editor = {Mathis, Ch.-Fr. and Massard-Guillebaud, G.},
  title = {Postface},
  publisher = {Éditions de la Sorbonne},
  date = {2019},
  pages = {375–378},
  language = {fr},
  booktitle = {Sous le soleil. Systèmes et transitions énergétiques du Moyen Âge à nos jours},
  address = {Paris},
  keywords = {prefpostface}
}
@incollection{baruch2019-61,
  author = {Baruch, Marc Olivier},
  title = {Préface},
  editor = {Barbier, Jean-Claude},
  publisher = {Presses de l'université de Franche-Comté},
  date = {2019},
  language = {fr},
  booktitle = {La République jusqu'à la mort. Alfred Golliard, préfet, résistant, déporté, Besançon},
  keywords = {prefpostface}
}
@incollection{brayard2019-62,
  author = {Brayard, Florent},
  title = {¿Hilberg? ¡Segundo piso!},
  note = {Postface},
  editor = {Hilberg, Raul},
  publisher = {Arpa},
  date = {2019},
  pages = {2019–249},
  language = {es},
  booktitle = {Memorias de un historiador del Holocausto},
  address = {Barcelone},
  keywords = {prefpostface}
}
@incollection{canal2019-63,
  author = {Canal, Jordi},
  title = {Prólogo},
  editor = {Boscán, Ángel Rafael Lombardi},
  publisher = {Prensas de la Universidad de Zaragoza},
  date = {2019},
  pages = {9–16},
  language = {es},
  booktitle = {Banderas del rey. Los realistas y las guerras de España en América (1810-1823)},
  address = {Saragosse},
  keywords = {prefpostface}
}
@incollection{canal2019-64,
  author = {Canal, Jordi},
  title = {Prefaci : Josep Berga i Boix, el tradicionalisme i la memòria del carlisme},
  editor = {Casacuberta Rocarols, Margarida},
  publisher = {Edicions Municipals},
  date = {2019},
  pages = {9–14},
  language = {es},
  booktitle = {Josep Berga i Boix. El Casal del Roure, Records de la darrera guerra carlista (Obres Completes, 4)},
  address = {Olot},
  keywords = {prefpostface}
}
@incollection{fridenson2019-65,
  author = {Fridenson, Patrick},
  title = {Préface},
  editor = {Descamps, Florence},
  publisher = {Éditions de l'EHESS},
  date = {2019},
  pages = {9–23},
  language = {fr},
  booktitle = {Archiver la mémoire. De l'histoire orale au patrimoine immatériel},
  address = {Paris},
  keywords = {prefpostface}
}
@incollection{fridenson2019-66,
  author = {Fridenson, Patrick},
  booktitle = {Menaces sur l’alimentation. Emballages, colorants et autres contaminants alimentaires, XIXe-XXe siècles},
  title = {Préface},
  editor = {Hachez-Leroy, Florence},
  publisher = {Presses Universitaires François-Rabelais},
  date = {2019},
  pages = {9–16},
  language = {fr},
  address = {Tours},
  keywords = {prefpostface}
}
@incollection{klapischzuber2019-67,
  author = {Klapisch-Zuber, Christiane},
  title = {Foreword},
  editor = {Grieco, Allen},
  publisher = {University Press},
  volume = {34},
  date = {2019},
  pages = {9–14},
  language = {en},
  series = {Villa I Tatti Series},
  booktitle = {Food, social politics and the order of nature in Renaissance Italy, Harvard},
  address = {Florence, Officina Libreria},
  keywords = {prefpostface}
}
@incollection{monnet2019-68,
  author = {Monnet, Pierre and Rader, Olaf},
  title = {Einführung. Was wir teilen, was uns trennt},
  editor = {Monnet, Pierre and Rader, Olaf},
  publisher = {Theiss et Wissenschaftliche Buchgesellschaft},
  date = {2019},
  pages = {9–13},
  language = {de},
  booktitle = {Europa. Die Gegenwart unserer Geschichte. Band II : Vielfalt und Widersprüche},
  address = {Darmstadt},
  keywords = {prefpostface}
}
@incollection{schmitt2019-69,
  author = {Schmitt, Jean-Claude and Schmitt Pantel, Pauline},
  title = {Préface},
  editor = {Dumas, Marie-Lucy},
  publisher = {Le Filon des Anciens},
  date = {2019},
  volume = {2},
  pages = {7–10},
  language = {fr},
  booktitle = {Vialas, de la Cévenne au Mont-Lozère},
  address = {Vialas},
  keywords = {prefpostface}
}
@incollection{schmitt2019-70,
  author = {Schmitt, Jean-Claude},
  title = {Prefazione},
  editor = {Zanier, Claudio},
  publisher = {Cleup},
  date = {2019},
  pages = {11–13},
  language = {it},
  booktitle = {Miti e culti della seta. Dalla Cina all’ Europa},
  address = {Padova},
  keywords = {prefpostface}
}
@incollection{vincent2019-71,
  author = {Vincent, Bernard},
  editor = {Ruzafa, Justo Pageo},
  publisher = {Almuzara, Cordoue},
  date = {2019},
  note = {2e édition},
  language = {es},
  booktitle = {Rebelión de sangre. Tragedia y muerte de Aben Humeya},
  title = {Préface},
  keywords = {prefpostface}
}
@incollection{vincent2019-72,
  author = {Vincent, Bernard},
  editor = {Alchalabi, Frédéric},
  publisher = {Spania Books},
  date = {2019},
  language = {es},
  booktitle = {Le charme du Maure, enquête sur le Tractado del origen de los reyes de Granada},
  address = {Paris},
  title = {Préface},
  keywords = {prefpostface}
}

%%%%%% ARTICLES 2019 %%%%%%

@article{fridenson2019-949,
  title = {L'évolution de la direction financière des entreprises en France depuis la crise de 2007-2008},
  author = {Fridenson, Patrick and Berland, Nicolas and Capron, Philippe and Mouillon, Christian and Risch, Bruno and Lescure, Michel},
  publisher = {ESKA},
  journal = {Entreprises et histoire},
  number = {95},
  pages = {111-117},
  year = {2019},
  url = {https://hal.archives-ouvertes.fr/hal-03162495},
  HAL_id = {hal-03162495},
  HAL_version = {v1},
  language = {fr},
  keywords = {article}
}
@article{polodebeaulieu2019-908,
  author = {Polo de Beaulieu, Marie Anne},
  journal = {Cahiers de Fanjeaux},
  title = {La violence dans les exempla méridionaux du XIIIe siècle},
  issuetitle = {L’Eglise et la violence (Xe-XIIIe siècle)},
  pages = {193–213},
  volume = {54},
  date = {2019},
  url = {https://halshs.archives-ouvertes.fr/halshs-02375126},
  HAL_id = {halshs-02375126},
  HAL_version = {v1},
  language = {fr},
  keywords = {article}
}
@article{morera2019-967,
  title = {Marshes draining in Early Modern Times: colonial projects? A comparison between France and England},
  author = {Morera, Raphaël and Morgan, John},
  journal = {Etudes rurales},
  publisher = {Paris: Éditions de l'EHESS},
  number = {203},
  pages = {42-61},
  date = {2019-01},
  doi = {10.4000/etudesrurales.15656},
  url = {https://hal.archives-ouvertes.fr/hal-02425767},
  HAL_id = {hal-02425767},
  HAL_version = {v1},
  language = {fr},
  keywords = {article}
}
@article{grevsmuhl2019-643,
  title = {Emotions, images et enjeux environnementaux},
  author = {Grevsmühl, Sebastian and Mathis, Charles-François and Bertho, Raphaële and Bougrain-Dubourg, Allain},
  journal = {Pour mémoire},
  publisher = {Ministère de l'écologie du développement durable et de l'énergie, Direction de la communication, Département Images et édition},
  volume = {20},
  pages = {126-142},
  year = {2019},
  url = {https://hal.archives-ouvertes.fr/hal-02166066},
  pdf = {https://hal.archives-ouvertes.fr/hal-02166066/file/grevsmuhl_puissance_des_images.pdf},
  HAL_id = {hal-02166066},
  HAL_version = {v1},
  language = {fr},
  keywords = {article}
}
@article{claire2019-227,
  title = {Towards a cultural history of performance, politics and play},
  author = {Claire, Elizabeth and Arcangeli, Alessandro},
  journal = {Ludica. Annali di storia e civiltà del gioco},
  publisher = {Viella and Fondazione Benetton Studi Ricerche},
  series = {Performance, Politics and Play},
  volume = {25},
  year = {2019},
  pages = {53-60},
  url = {https://hal.archives-ouvertes.fr/hal-03054084},
  HAL_id = {hal-03054084},
  HAL_version = {v1},
  language = {en},
  keywords = {article}
}
@article{polodebeaulieu2019-608,
  title = {Introduction. Les techniques du croire et du faire croire},
  author = {Polo De Beaulieu, Marie Anne and Luca, Nathalie and Bigg, Charlotte and Capone, Stefania and Wanono Gauthier, Nadine},
  journal = {Archives de Sciences Sociales des Religions},
  publisher = {Éditions de l'EHESS},
  number = {187},
  pages = {11-25},
  year = {2019},
  doi = {10.4000/assr.45885},
  url = {https://hal.archives-ouvertes.fr/hal-02973706},
  HAL_id = {hal-02973706},
  HAL_version = {v1},
  language = {fr},
  keywords = {article}
}
@article{polodebeaulieu2019-607,
  title = {Prêcher par l'image dans la Russie des XVIIe-XVIIIe siècles. L'exemple de la femme au dragon},
  author = {Polo De Beaulieu, Marie Anne and Smirnova, Victoria},
  journal = {Revue des études slaves},
  publisher = {Institut d'études slaves et EUR'ORBEM},
  date = {2019-10},
  volume = {XC},
  number = {3},
  pages = {333-348},
  doi = {10.4000/res.2891},
  url = {http://journals.openedition.org/res/2891},
  note = {\url{https://halshs.archives-ouvertes.fr/halshs-02375119}},
  HAL_id = {halshs-02375119},
  HAL_version = {v1},
  language = {fr},
  keywords = {article}
}
@article{polodebeaulieu2019-605,
  title = {Prêcher en images à la fin du Moyen Age},
  author = {Polo De Beaulieu, Marie Anne},
  journal = {Archives de Sciences Sociales des Religions},
  publisher = {Éditions de l'EHESS},
  year = {2019},
  url = {https://halshs.archives-ouvertes.fr/halshs-02375131},
  HAL_id = {halshs-02375131},
  HAL_version = {v1},
  language = {fr},
  keywords = {article}
}
@article{miramonde2019-601,
  title = {L'invention de la Réforme grégorienne. Grégoire VII au XIXe siècle, entre pouvoir spirituel et bureaucratisation de l'Église},
  author = {Miramon (de), Charles},
  journal = {Revue d'histoire des religions},
  publisher = {Armand Colin},
  volume = {236},
  number = {2},
  pages = {283--315},
  year = {2019},
  url = {https://hal.archives-ouvertes.fr/hal-02425590},
  HAL_id = {hal-02425590},
  HAL_version = {v1},
  language = {fr},
  keywords = {article}
  }
 @article{miramonde2019-602,
  title = {Sang, hérédité et parenté au Moyen Âge : modèle biologique et modèle social. Albert le Grand et Balde},
  author = {Miramon (de), Charles and Van Der Lugt, Maaike},
  journal = {Annales de démographie historique},
  publisher = {Belin},
  volume = {137},
  number = {1},
  pages = {21},
  year = {2019},
  doi = {10.3917/adh.137.0021},
  url = {https://hal.archives-ouvertes.fr/hal-02425532},
  HAL_id = {hal-02425532},
  HAL_version = {v1},
  language = {fr},
  keywords = {article}
}
@article{zalc2019-73,
  author = {Zalc, Claire and Mercklé, Pierre},
  journal = {Annales. Histoire, Sciences Sociales},
  title = {Peut-on modéliser la persécution ? Apports et limites des approches quantifiées sur le terrain de la Shoah},
  note = {paru en 2020},
  pages = {923–957},
  volume = {73},
  number = {4},
  date = {2018},
  language = {fr},
  url = {https://www.cairn.info/revue-annales-2018-4-page-923.htm},
  keywords = {article}
}
@article{berlioz2019-74,
  author = {Berlioz, Jacques},
  journal = {Reinardus, Yearbook of the International Reynard Society},
  title = {Les cigognes de Cîteaux attendant la bénédiction du prieur. Lectures d’un exemplum du Dialogus miraculorum (X, 58) de Césaire de Heisterbach (v. 1180-v. 1240)},
  editor = {Trachsler, Richard and Van Abeele, Baudouin},
  pages = {29–57},
  volume = {31},
  date = {2019},
  doi = {10.1075/rein.00025.ber},
  language = {fr},
  keywords = {article}
}
@article{desrosiers2019-75,
  author = {Desrosiers, Sophie},
  journal = {L’Atelier du Centre de recherches historiques},
  title = {Scrutinizing Raw Material between China and Italy: The Various Processing Sequences of Bombyx mori silk},
  volume = {20},
  date = {2019},
  doi = {10.4000/acrh.10323},
  language = {fr},
  url = {http://journals.openedition.org/acrh/10323},
  keywords = {article}
}
@article{mathias2019-76,
  author = {Dreyfuss, Mathias and Mano, Davide and Gasperoni, Michaël and Castaño, Javier},
  journal = {Quaderni storici, Rivista quadrimestrale},
  title = {A proposito di Gli ebrei nell’Italia medievale di Giacomo Todeschini},
  pages = {531–546,},
  volume = {2},
  date = {2019},
  doi = {10.1408/96910},
  language = {it},
  url = {https://www.rivisteweb.it/doi/10.1408/96910},
  keywords = {article}
}
@article{morera2019-77,
  author = {Morera, Raphaël},
  title = {Measuring Water Flow in Eighteenth-Century France: The Role of Protected Manufacturers},
  publisher = {EHESS},
  date = {2019},
  volume = {XXXIV},
  pages = {9–30},
  language = {en},
  journal = {Histoire \& Mesure},
  number = {2},
  doi = {10.4000/histoiremesure.10321},
  url = {https://www.cairn-int.info/journal-histoire-et-mesure-2019-2-page-9.htm},
  note = {\url{https://hal.archives-ouvertes.fr/hal-03098828}},
  HAL_id = {hal-03098828},
  HAL_version = {v1},
  keywords = {article}
}
@article{herment2019-78,
  author = {Herment, Laurent},
  journal = {Storia e problemi contemporanei},
  title = {Alla ricerca di fertilizzanti. Le radici economiche dell’organizzazione politica degli interessi nella Francia settentrionale: il caso del Morbihan (1875-1914)},
  volume = {80},
  pages = {50–78},
  doi = {10.3280/SPC2019-080003},
  date = {2019},
  language = {it},
  keywords = {article}
}
@article{goldberg2019-79,
  author = {Goldberg, Sylvie-Anne},
  journal = {Tsafon},
  title = {De la rhétorique romaine à la pratique chrétienne de l’antijudaïsme : lectures, interprétations et transmission des écrits de Flavius Josèphe},
  pages = {21–46},
  volume = {78},
  date = {2019-10/2020-03},
  doi = {10.4000/tsafon.2247},
  language = {fr},
  url = {https://journals.openedition.org/tsafon/2247},
  keywords = {article}
}
@article{mitsou2019-80,
  author = {Mitsou, Marilisa},
  title = {En guise d’introduction},
  editor = {Chatziioannou, Maria-Christina and Mitsou, Marilisa},
  volume = {21},
  date = {2019},
  language = {fr},
  journal = {L’Atelier du Centre de recherches historiques},
  issuetitle = {La Biographie revisitée. Études de cas et questions méthodologiques},
  doi = {10.4000/acrh.10076},
  keywords = {article}
}
@article{baumgarten2019-81,
  author = {Baumgarten, Jean},
  title = {Prier dans les bois et les champs : Israël Baal Shem Tov et la nature},
  editor = {Tauber, Michèle and Schumacher-Brunhes, Marie},
  volume = {76},
  date = {2019},
  pages = {27–50},
  language = {fr},
  journal = {Tsafon},
  issuetitle = {Expressions yiddish de la nature},
  keywords = {article}
}
@article{descimon2019-82,
  author = {Descimon, Robert},
  title = {Colbert, la dette publique et la haute robe parisienne},
  publisher = {Éditions de Boccard},
  date = {2019},
  pages = {3–68},
  language = {fr},
  journal = {Annuaire-Bulletin de la Société de l’histoire de France, année 2015},
  address = {Paris},
  doi = {doi:10.2307/45238347},
  keywords = {article}
}
@article{gueliane2019-83,
  author = {Gueliane, Nora},
  title = {L’insertion des migrants dans les territoires d’accueils : Le cas de la diaspora mozabite dans la ville de Bordj Bou Arreridj (Algérie)},
  date = {2019},
  pages = {1–37,},
  url = {https://societes-plurielles.episciences.org/6258?fbclid=IwAR1GwNh8s6gudfLhFTL5-d9xTz1kRFyKKCGRxJfJd2cb0iEX5u6MCXOMl_E},
  language = {fr},
  journal = {Sociétés plurielles},
  number = {3},
  keywords = {article}
 }
 @article{gueliane2019-84,
  author = {Gueliane, Nora},
  title = {Les nouveaux ksour de la vallée du M’Zab (1995-2016) : de la permanence et des mutations de la solidarité sociale dans leurs réussites et leurs échecs},
  date = {2019},
  url = {http://journals.openedition.org/acrh/10490},
  language = {fr},
  journal = {L’Atelier du Centre de recherches historiques},
  keywords = {article}
}
@article{gueliane2019-85,
  author = {Gueliane, Nora},
  title = {Genèse de la création d’un ksar à Ighzar n M’Zab en Algérie},
  date = {2019},
  pages = {69–86},
  language = {fr},
  journal = {Annales du patrimoine},
  keywords = {article}
}
@article{gueliane2019-86,
  author = {Gueliane, Nora},
  title = {Les oumanas : Le corps exécutif du orf de la construction au M’Zab (Algérie)},
  date = {2019},
  pages = {95–110},
  language = {fr},
  journal = {Asinag},
  number = {14},
  keywords = {article}
}
@article{haddad2019-87,
  author = {Haddad, Élie},
  title = {Système de parenté et histoire sociale : éléments pour un débat},
  editor = {Haddad, Élie},
  volume = {19},
  date = {2019},
  pages = {7–41},
  language = {fr},
  journal = {L’Atelier du Centre de recherches historiques},
  issuetitle = {Les Règles de la parenté, entre histoire et anthropologie},
  number = {bis},
  keywords = {article}
}
@article{zuniga2019-88,
  author = {Zuniga, Jean-Paul},
  title = {Généalogie, parenté et histoire sociale. Composition et re-compositions des familles en milieu colonial, Santiago du Chili (mi-XVIe-fin XVIIe siècles)},
  editor = {Haddad, Elie},
  volume = {19},
  date = {2019},
  pages = {107–139},
  language = {fr},
  journal = {L’Atelier du Centre de recherches historiques},
  issuetitle = {Les Règles de la parenté, entre histoire et anthropologie. Autour des travaux de Gérard Delille},
  number = {bis},
  keywords = {article}
}
@article{arnoux2019-89,
  author = {Arnoux, Mathieu},
  title = {Ressources renouvelables et croissance économique : suggestions médiévales et questions contemporaines},
  volume = {26},
  date = {2019},
  url = {https://journals.openedition.org/regulation/15672},
  language = {fr},
  journal = {Revue de la régulation},
  keywords = {article}
}
@article{baciocchi2019-90,
  author = {Baciocchi, Stéphane and Beauguitte, Laurent and Blavier, Pierre and Lambert, Nicolas},
  title = {Documenting the Diffusion of the 2016 French Nuit Debout},
  volume = {4},
  date = {2019},
  pages = {1–10},
  doi = {10.5281/zenodo.3056000},
  language = {fr},
  journal = {Research data journal for the humanities and social sciences},
  keywords = {article}
}
@article{backouche2019-91,
  author = {Backouche, Isabelle and Gensburger, S.},
  title = {Entendre l’histoire pour comprendre son élaboration : des bulles sonores à la webapp ‘passeici.fr’},
  date = {2019-10},
  language = {fr},
  journal = {Le Mouvement Social},
  issuetitle = {(Re)conquérir des publics ? Les écritures de l’histoire sociale},
  number = {269},
  keywords = {article}
}
@article{baumgarten2019-92,
  author = {Baumgarten, Jean},
  title = {Les Jeux de Pourim (Purim-Shpiln) : rire et renversement parodique dans la culture juive d’Europe (XVIe-XVIIIe siècle)},
  publisher = {Cerf},
  date = {2019},
  pages = {86–95},
  language = {fr},
  journal = {Esther, Cahiers évangiles},
  address = {Paris},
  keywords = {article}
}
@article{baumgarten2019-93,
  author = {Baumgarten, Jean},
  title = {Traduire et imprimer l’Iggeret ha-kodesh en yiddish (Fürth, 1692)},
  volume = {XXIV},
  date = {2019},
  pages = {319–329},
  language = {fr},
  journal = {Materia Judaica},
  keywords = {article}
}
@article{baumgarten2019-94,
  author = {Baumgarten, Jean},
  title = {L’extase mystique},
  date = {2019},
  pages = {51–60},
  language = {fr},
  journal = {Esquisses, Suspens},
  keywords = {article}
}
@article{blanquie2019-95,
  author = {Blanquie, Christophe},
  title = {Bussy lecteur de lettres},
  volume = {},
  date = {2019},
  pages = {35–46},
  language = {fr},
  journal = {Horizons épistolaires, Rabutinages},
  number = {29},
  keywords = {article}
}
@article{bonnefoy2019-96,
  author = {Bonnefoy, Baptiste},
  title = {Les langages de l’appartenance. Miliciens de couleur et changements de souveraineté dans les îles du Vent (1763-1803)},
  date = {2019},
  url = {http://journals.openedition.org/acrh/9607},
  doi = {10.4000/acrh.9607},
  language = {fr},
  journal = {L’Atelier du Centre de recherches historiques},
  volume = {20},
  keywords = {article}
}
@article{bonneuil2019-97,
  author = {Bonneuil, Christophe},
  title = {Seeing Nature as a ‘universal store of genes’: How biological diversity became ‘genetic resources’, 1890-1940},
  volume = {75},
  date = {2019-06},
  pages = {1–14},
  doi = {10.1016/j.shpsc.2018.12.002)},
  language = {en},
  journal = {Studies in History and Philosophy of Science},
  issuetitle = {Part C: Studies in History and Philosophy of Biological and Biomedical Sciences},
  keywords = {article}
}
@article{bonneuil2019-98,
  author = {Bonneuil, Christophe and Magalhaes, Nelo and Le Roux, Thomas and Fressoz, Jean-Baptiste and Jarrige, François and Levillain, Gaëtan and Lyautey, Margot and Noblet, Guillaume},
  title = {The Physical Economy of France (1830-2015). The History of a Parasite ?},
  date = {2019},
  volume = {157},
  pages = {291–300},
  language = {en},
  journal = {Ecological Economics},
  number = {157},
  keywords = {article}
}
@article{bothereau2019-99,
  author = {Bothereau, Benjamin},
  title = {Adaptations et résistances au mode d’éclairage public parisien : les traductions différenciées de Barcelone et Madrid},
  volume = {XVII},
  date = {2019},
  pages = {39–66,},
  url = {https://upcommons.upc.edu/handle/2117/175578},
  language = {fr},
  journal = {Quaderns d’Historia de l’Enginyeria},
  keywords = {article}
}
@article{bothereau2019-100,
  author = {Bothereau, Benjamin},
  title = {Jeux de lumières et d’obscurités de la lanterne publique : entre renforcements sécuritaires et limites des innovations techniques (Paris, Barcelone, 18e siècle)},
  volume = {2},
  date = {2019-04},
  url = {http://www.energyhistory.eu/fr/special/lumieres-et-obscurites},
  language = {fr},
  journal = {Journal of Energy History},
  issuetitle = {Light(s) and darkness(es)},
  keywords = {article}
}
@article{boudjaaba2019-101,
  author = {Boudjaaba, Fabrice},
  title = {Introduction. Le mariage dans le pourtour méditerranéen de l’Europe : du modèle à la comparaison},
  volume = {I},
  date = {2019},
  publisher = {École française d'Athènes open edition Web},
  url = {https://journals.openedition.org/bchmc/276},
  language = {fr},
  journal = {Bulletin de correspondance hellénique moderne et contemporain},
  keywords = {article}
}
@article{brando2019-102,
  author = {Brando, Carmen and Dominguès, Catherine and Jolivet, Vincent and Cargill, Marion},
  title = {Place and Sentiment-based Life story Analysis},
  volume = {17},
  date = {2019},
  language = {fr},
  journal = {Revue française des sciences de l’information et de la communication},
  url = {http://journals.openedition.org/rfsic/7228},
  doi = {10.4000/rfsic.7228},
  note = {\url{https://hal.archives-ouvertes.fr/hal-02342348}},
  HAL_id = {hal-02342348},
  HAL_version = {v1},
  keywords = {article}
}
@article{bruhns2019-103,
  author = {Bruhns, Hinnerk},
  title = {A la recherche de quelle modernité ? De Shmuel N. Eisenstadt à Max Weber},
  volume = {57},
  date = {2019},
  pages = {105–126},
  language = {fr},
  journal = {Revue européenne des sciences sociales},
  number = {1},
  keywords = {article}
}
@article{bruhns2019-104,
  author = {Bruhns, Hinnerk},
  title = {"Politics as Vocation": A contribution to Germany’s democratisation in 1919 ?},
  volume = {19},
  date = {2019-11},
  pages = {316–330},
  language = {en},
  journal = {Journal of Classical Sociology},
  number = {4},
  keywords = {article}
}
@article{bruhns2019-105,
  author = {Bruhns, Hinnerk},
  title = {Le paradoxe de la "fabrique des hommes politiques", ou : Max Weber, Bismarck et les chefs de parti au parlement},
  volume = {10},
  date = {2019},
  pages = {27–38},
  language = {fr},
  journal = {SocietàMutamentoPolitica. Rivista italiana di sociologia},
  number = {20},
  keywords = {article}
}
@article{canal2019-106,
  author = {Canal, Jordi},
  title = {Los historiadores, el nacionalismo y el proceso independentista en Cataluña},
  volume = {1},
  date = {2019},
  pages = {28–36},
  language = {es},
  journal = {Escripta},
  keywords = {article}
}
@article{carron2019-107,
  author = {Carron, Diane and Joyeux, Pascal},
  title = {Aux portes septentrionales de la ville médiévale d’Orléans : un nouveau regard sur la topographie religieuse et funéraire},
  volume = {48},
  date = {2019},
  pages = {153–187},
  url = {http://journals.openedition.org/archeomed/16405},
  doi = {10.4000/archeomed.16405},
  language = {fr},
  journal = {Archéologie Médiévale},
  keywords = {article}
}
@article{debiais2019-108,
  author = {Debiais, Vincent},
  title = {Le texte épigraphique à l’épreuve de l’art. Style, date, attribution},
  volume = {25},
  number = {1},
  date = {2019},
  pages = {96–105},
  language = {en},
  journal = {Hortus artium medievalium. Journal of the International Research Center for Late Antiquity and Middle Ages},
  keywords = {article}
}
@article{descimon2019-109,
  author = {Descimon, Robert and Coste, Joël},
  title = {Une patientèle médicale parisienne à la fin du xvie siècle. Les malades de Guillaume de Baillou},
  volume = {LXXXI},
  publisher = {Droz},
  date = {2019},
  pages = {273–290},
  note = {avec},
  language = {fr},
  journal = {Bibliothèque d’Humanisme et Renaissance},
  address = {Genève},
  keywords = {article}
}
@article{desrosiers2019-110,
  author = {Desrosiers, Sophie},
  title = {Scrutinizing Raw Material between China and Italy: The Various Processing Sequences of Bombyx mori silk / Au plus près de la matière entre la Chine et l’Italie: les différentes chaînes opératoires de transformation de la soie du Bombyx mori},
  volume = {20},
  date = {2019},
  url = {http://journals.openedition.org/acrh/10323;},
  doi = {10.4000/acrh.10323},
  language = {fr},
  journal = {L’Atelier du Centre de recherches historiques},
  keywords = {article}
}
@article{dittmar2019-111,
  author = {Dittmar, Pierre-Olivier},
  title = {Bêtes humaines},
  journal = {Billebaude},
  volume = {15},
  date = {2019},
  pages = {6–12},
  language = {fr},
  issuetitle = {Fauves},
  keywords = {article}
}
@article{fressoz2019-112,
  author = {Fressoz, Jean-Baptiste and Nelo, M.},
  title = {The Physical economy of France (1830-2015). The History of a Parasite},
  volume = {157},
  date = {2019},
  pages = {291–300},
  language = {en},
  journal = {Ecological Economics},
  keywords = {article}
}
@article{fridenson2019-113,
  author = {Fridenson, Patrick},
  title = {De l'audiovisuel au numérique : tous acteurs de la communication ? », Le},
  volume = {268},
  date = {2019-07},
  pages = {3–28},
  language = {fr},
  journal = {Le Mouvement Social},
  keywords = {article}
}
@article{fridenson2019-114,
  author = {Fridenson, Patrick and Pélisse, Jérôme and Machu, Laure},
  title = {Introduction générale},
  volume = {23},
  date = {2019-12},
  pages = {7–16},
  language = {fr},
  journal = {Les Cahiers du CHATEFP},
  keywords = {article}
}
@article{fridenson2019-115,
  author = {Fridenson, Patrick},
  title = {Le projet de création par Renault d'une Banque industrielle et son rejet par l'État (1971-1973)},
  volume = {95},
  date = {2019-06},
  pages = {86–110},
  language = {fr},
  journal = {Entreprises et Histoire},
  keywords = {article}
}
@article{fridenson2019-116,
  author = {Fridenson, Patrick},
  title = {Renault et l'Iran : entretien avec Louis Schweitzer (2013)},
  volume = {94},
  date = {2019-04},
  pages = {198–206},
  language = {fr},
  journal = {Entreprises et Histoire},
  keywords = {article}
}
@article{fridenson2019-117,
  author = {Fridenson, Patrick and Fridenson, Michelle},
  title = {L'empreinte de Jean-Daniel Reynaud},
  volume = {266},
  date = {2019-01},
  pages = {113–114},
  language = {fr},
  journal = {Le Mouvement Social},
  keywords = {article}
}
@article{goldberg2019-118,
  author = {Goldberg, Sylvie-Anne},
  title = {De la rhétorique romaine à la pratique chrétienne de l’antijudaïsme : lectures, interprétations et transmission des écrits de Flavius Josèphe},
  volume = {78},
  date = {2019},
  pages = {21–46},
  language = {fr},
  journal = {Tsafon},
  keywords = {article}
}
@article{graber2019-119,
  author = {Graber, Frédéric and Giraudeau, Martin},
  title = {Le seuil de l’action : la décision préalable dans l’histoire des projet},
  volume = {4},
  date = {2019},
  pages = {40–57},
  language = {fr},
  journal = {Entreprises et Histoire},
  number = {97},
  doi = {10.3917/eh.097.0040},
  url = {https://hal.archives-ouvertes.fr/hal-02959988},
  HAL_LOCAL_reference = {2441/9labe9r4se65i789685q88ogk},
  HAL_id = {hal-02959988},
  HAL_version = {v1},
  keywords = {article}
}
@article{graber2019-120,
  author = {Graber, Frédéric},
  title = {Le robinet libre. Mesurer sans compteur les abonnements à l’eau (France, 19e siècle)},
  volume = {34},
  date = {2019},
  language = {fr},
  journal = {Histoire et Mesure},
  number = {2},
  keywords = {article}
}
@article{graber2019-121,
  author = {Graber, Frédéric},
  title = {Les mesures de l’eau},
  volume = {34},
  date = {2019},
  language = {fr},
  journal = {Histoire et Mesure},
  number = {2},
  doi = {10.4000/histoiremesure.10318},
  url = {https://halshs.archives-ouvertes.fr/halshs-03054420},
  HAL_id = {halshs-03054420},
  HAL_version = {v1},
  keywords = {article}
}
@article{grevin2019-122,
  author = {Grévin, Benoît},
  title = {Les miroirs déformants des cultures linguistiques médiévales},
  volume = {19},
  date = {2019},
  pages = {109–116},
  language = {fr},
  journal = {Ecrire l’histoire. Histoire. Littérature. Esthétique},
  keywords = {article}
}
@article{grevin2019-123,
  author = {Grévin, Benoît},
  title = {Una proposta di rilettura dantesca: confortare i voti giusti (lettera IX)},
  volume = {15},
  date = {2019},
  pages = {152–162},
  language = {it},
  journal = {Spolia. Annual Journal of Medieval Studies},
  keywords = {article}
}
@article{grevsmuehl2019-124,
  author = {Grevsmühl, Sebastian V.},
  title = {Planet Earth Seen from Space: A Very Brief Visual History},
  volume = {9},
  date = {2019},
  pages = {37–53},
  language = {en},
  journal = {Contemporânea},
  number = {1},
  doi = {10.4322/2316-1329.081},
  url = {https://hal.archives-ouvertes.fr/hal-02294745},
  pdf = {https://hal.archives-ouvertes.fr/hal-02294745/file/grevsmuhl_planet_earth_seen_from_space.pdf},
  HAL_id = {hal-02294745},
  HAL_version = {v1},
  keywords = {article}
}
@article{guery2019-125,
  author = {Guery, Alain},
  title = {L’État partout et nulle part. Entre crise effective et retrait programmé},
  volume = {206},
  date = {2019},
  pages = {177–192},
  language = {fr},
  journal = {Le Débat},
  number = {4},
  keywords = {article}
}
@article{joly2019-126,
  author = {Joly, Laurent},
  title = {Un point sur la persécution des Juifs et la Shoah en France},
  volume = {13},
  date = {2019},
  pages = {55–65},
  language = {fr},
  journal = {En Jeu. Revue pluridisciplinaire de la Fondation pour la mémoire de la déportation},
  keywords = {article}
}
@article{joly2019-127,
  author = {Joly, Laurent},
  title = {The Parisian Police and the Holocaust: Control, Round-ups, Hunt (1940-44)},
  doi = {10.1177/0022009419839774},
  language = {en},
  journal = {Journal of Contemporary History},
  date = {2019-05-23},
  keywords = {article}
}
@article{joly2019-128,
  author = {Joly, Laurent},
  title = {French Bureaucrats and Anti-Jewish Persecution: The ‘Jewish Service’ of the Paris Police Prefecture, 1940-1944},
  volume = {33},
  date = {2019},
  pages = {39–59},
  language = {en},
  journal = {Holocaust and Genodice Studies},
  number = {1},
  keywords = {article}
}
@article{joly2019-129,
  author = {Joly, Laurent},
  title = {Un Français en Allemagne : le commissaire Louit, des geôles de la Gestapo au Comité français de rapatriement (Berlin, 1942-1945)},
  volume = {274},
  date = {2019},
  pages = {47–57},
  language = {fr},
  journal = {Guerres mondiales et conflits contemporains},
  keywords = {article}
}
@article{jouhaud2019-130,
  author = {Jouhaud, Christian},
  title = {Pinagot vingt ans après},
  date = {2019-06},
  volume = {LXXV},
  pages = {534–545,},
  language = {fr},
  journal = {Critique},
  number = {865-866},
  doi = {10.3917/criti.865.0534},
  url = {https://halshs.archives-ouvertes.fr/halshs-03137387},
  HAL_id = {halshs-03137387},
  HAL_version = {v1},
  keywords = {article}
}
@article{jouhaud2019-131,
  author = {Jouhaud, Christian},
  title = {Literatura da experiência no século XVII},
  date = {2019},
  volume = {35},
  pages = {443–459},
  language = {pt},
  journal = {Varia hist., Ago},
  number = {68},
  url = {https://halshs.archives-ouvertes.fr/halshs-03137391},
  doi = {10.1590/0104-87752019000200004},
  HAL_id = {halshs-03137391},
  keywords = {article}
}
@article{julia2019-132,
  author = {Julia, Dominique},
  title = {Princes et élèves : l’éducation des princes d’Orléans sous l’autorité de Madame de Genlis (1782-1792)},
  volume = {151},
  date = {2019},
  pages = {63–121},
  language = {fr},
  number = {1},
  journal = {Histoire de l’éducation},
  keywords = {article}
}
@article{loriga2019-133,
  author = {Loriga, Sabina},
  title = {In Search of Origins : Making Etruscans into Italics and Italics into Italians},
  volume = {71-72},
  date = {2019},
  pages = {241–252},
  language = {en},
  journal = {Res : Anthropology and Aesthetics},
  keywords = {article}
}
@article{loriga2019-134,
  author = {Loriga, Sabina},
  title = {La pluralité du passé},
  volume = {21},
  date = {2019},
  url = {http://journals.openedition.org/acrh/9706},
  language = {fr},
  journal = {L’Atelier du Centre de recherches historiques},
  issuetitle = {La Biographie revisitée. Études de cas et questions méthodologiques},
  editor = {Mitsou, Marilisa and Chatziioannou, Maria},
  address = {Paris},
  keywords = {article}
}
@article{lyoncaen2019-135,
  author = {Lyon-Caen, Judith},
  title = {Revenir dans la maison Balzac : Jean Cayrol, 1950},
  volume = {2},
  date = {2019},
  pages = {13–24},
  language = {fr},
  journal = {Suite Française. Rivista di cultura e politica},
  issuetitle = {Maison Balzac},
  keywords = {article}
}
@article{lyoncaen2019-136,
  author = {Lyon-Caen, Judith},
  title = {Portrait d’Alain Corbin en collectionneur},
  date = {2019},
  volume = {865-866},
  pages = {510–522},
  language = {fr},
  journal = {Critique},
  number = {6},
  keywords = {article}
}
@article{mano2019-137,
  author = {Mano, Davide},
  title = {Les juifs de Pitigliano à l’épreuve des réformes éclairées : les conflits intracommunautaires (1744-1796)},
  volume = {2},
  date = {2019},
  pages = {335–369},
  language = {fr},
  journal = {Revue historique},
  number = {690},
  keywords = {article}
}
@article{mano2019-138,
  author = {Mano, Davide},
  title = {Les juifs sur la frontière tosco-romaine. Des "terres-refuge" aux ghettos dans une périphérie de l’État moderne (1555-1750)},
  volume = {1},
  date = {2019},
  pages = {103–115},
  language = {fr},
  journal = {Revue du XVIIe siècle},
  number = {282},
  keywords = {article}
}
@article{marraud2019-139,
  author = {Marraud, Mathieu},
  title = {Corporatisme, métiers et économie d’exclusion à Paris, XVIIe-XVIIIe siècle},
  date = {2019},
  volume = {2},
  pages = {283–313},
  language = {fr},
  journal = {Revue historique},
  keywords = {article}
}
@article{marraud2019-140,
  author = {Marraud, Mathieu},
  title = {Vendre aux héritiers : circulation et immobilisation de l’office de payeur des rentes au XVIIIe siècle},
  date = {2019},
  volume = {4},
  pages = {28–44},
  language = {fr},
  journal = {Histoire, économie \& société},
  keywords = {article}
}
@article{monnet2019-141,
  author = {Monnet, Pierre},
  title = {Charles IV (1316-1378), un européen ?},
  volume = {46},
  date = {2019},
  pages = {105–120},
  language = {fr},
  journal = {Francia},
  keywords = {article}
}
@article{morera2019-142,
  author = {Morera, Raphaël and Morgan, John},
  title = {Les dessèchements modernes : des projets coloniaux ?},
  volume = {203},
  date = {2019},
  pages = {42–61},
  url = {https://journals.openedition.org/etudesrurales/15656},
  language = {fr},
  journal = {Études rurales},
  keywords = {article}
}
@article{morera2019-143,
  author = {Morera, Raphaël},
  title = {Zones humides, conquêtes et colonisations},
  volume = {203},
  date = {2019},
  pages = {8–19},
  language = {fr},
  journal = {Études rurales},
  url = {https://journals.openedition.org/etudesrurales/15483},
  note = {\url{https://hal.archives-ouvertes.fr/hal-02425749}},
  pdf = {https://hal.archives-ouvertes.fr/hal-02425749/file/E%CC%81tudes%20rurales%20Intro.pdf},
  HAL_id = {hal-02425749},
  HAL_version = {v1},
  keywords = {article}
}
@article{perina2019-144,
author = {Perina, Hugo},
  title = {L’histoire religieuse aux frontières de l’histoire culturelle : orgue, patrimoine et historiographie},
  volume = {18},
  date = {2019},
  pages = {115–121},
  language = {fr},
  journal = {Cahiers du Littoral 2},
  issuetitle = {Faire de l’histoire religieuse. Bilan et perspectives (1960-2018). Carrefour d’Histoire religieuse},
  keywords = {article}
}
@article{piron2019-145,
  author = {Piron, Sylvain},
  title = {Louange de l’alouette},
  volume = {167-168},
  date = {2019},
  pages = {79-84},
  language = {fr},
  journal = {Po\&sie},
  publisher = {Belin},
  series = {Des oiseaux},
  url = {https://halshs.archives-ouvertes.fr/halshs-02292641},
  pdf = {https://halshs.archives-ouvertes.fr/halshs-02292641/file/Louange%20de%20l%E2%80%99alouette.pdf},
  HAL_id = {halshs-02292641},
  HAL_version = {v1},
  keywords = {article}
}
@article{ribard2019-146,
  author = {Ribard, Dinah and Carel, Marion},
  title = {Testemunhar em poesia: o caso de Marc de Larréguy},
  translator = {Gomes, Lauro and Borges Barbisan, Leci},
  journal = {Letras de Hoje},
  volume = {54},
  number = {4},
  pages = {546–556},
  date = {2019-10},
  url = {http://revistaseletronicas.pucrs.br/ojs/index.php/fale/issue/view/1413},
  language = {pt},
  note = {traduction portugaise},
  keywords = {article}
}
@article{ribard2019-147,
  author = {Ribard, Dinah},
  title = {L'acte de témoigner},
  volume = {11},
  date = {2019},
  issuetitle = {Estudos Semântico-Argumentativos e Enunciativos: olhares sobre o discurso},
  pages = {3–23},
  language = {es},
  journal = {Antares: Letras e Humanidades},
  number = {23},
  url = {http://www.ucs.br/etc/revistas/index.php/antares/issue/view/311/showToc},
  note = {\url{https://halshs.archives-ouvertes.fr/halshs-03135053}},
  HAL_id = {halshs-03135053},
  HAL_version = {v1},
  keywords = {article}
}
@article{ribard2019-148,
  author = {Ribard, Dinah},
  title = {La transmission biographique},
  volume = {21},
  date = {2019},
  url = {http://journals.openedition.org/acrh/10033},
  doi = {10.4000/acrh.10033},
  language = {fr},
  journal = {L’Atelier du Centre de recherches historiques},
  note = {\url{https://halshs.archives-ouvertes.fr/halshs-03135028}},
  HAL_id = {halshs-03135028},
  HAL_version = {v1},
  keywords = {article}
}
@article{ribard2019-149,
  author = {Ribard, Dinah},
  title = {Le premier poète ouvrier},
  volume = {16},
  date = {2019},
  url = {https://publications-prairial.fr/pratiques-et-formes-litteraires/index.php?id=96},
  language = {fr},
  journal = {Pratiques et formes littéraires},
  keywords = {article}
}
@article{ribard2019-150,
  author = {Ribard, Dinah},
  title = {Des journalistes à la cour},
  date = {2019},
  url = {http://journals.openedition.org/crcv/17391},
  language = {fr},
  journal = {Bulletin du Centre de recherche du château de Versailles},
  keywords = {article}
}
@article{richard2019-151,
  author = {Richard, Elodie},
  title = {Généalogie d’un problème public. La consanguinité et la promotion d’une régulation institutionnelle des unions},
  date = {2019},
  volume = {137},
  pages = {123–151},
  language = {fr},
  journal = {Annales de démographie historique},
  number = {1},
  keywords = {article}
}
@article{rucquoi2019-152,
  author = {Rucquoi, Adeline},
  title = {The Way of Saint James: A sacred space?},
  volume = {7},
  date = {2019},
  pages = {41–47},
  url = {https://arrow.dit.ie/ijrtp/vol7/iss5/6},
  language = {en},
  journal = {International Journal of Religious Tourism and Pilgrimage},
  number = {5},
  keywords = {article}
}
@article{rucquoi2019-153,
  author = {Rucquoi, Adeline},
  title = {Minorías y saber en la España medieval},
  volume = {42},
  date = {2019},
  pages = {22–67},
  language = {pt},
  journal = {Dimensões. Revista de História da Ufes, Brésil},
  keywords = {article}
}
@article{schmitt2019-154,
  author = {Schmitt, Jean-Claude},
  title = {A qui parlent les morts ?},
  date = {2019},
  pages = {33–40},
  language = {fr},
  journal = {L’Homme},
  volume = {230},
  keywords = {article}
}
@article{schmitt2019-155,
  author = {Schmitt, Jean-Claude},
  title = {De la Chine ancienne aux Cévennes : la mythologie du ver à soie},
  volume = {164},
  number = {07},
  date = {2019},
  pages = {15–17},
  language = {fr},
  journal = {Du Trenze au Luech},
  keywords = {article}
}
@article{stanziani2019-156,
  author = {Stanziani, Alessandro and Muivah, Yaruipam},
  title = {Forced Labour at the Frontier of Empires: Manipur and the French Congo},
  volume = {29},
  number = {3},
  date = {2019},
  pages = {41–64},
  language = {en},
  journal = {Comparatif},
  keywords = {article}
}
@article{steinberg2019-157,
  author = {Steinberg, Sylvie},
  title = {Les découpages temporels à l’épreuve de l’histoire des femmes},
  note = {Article introductif à la traduction de l’article de Joan Kelly, « Les femmes ont-elles connu une Renaissance ? »},
  volume = {36},
  date = {2019},
  pages = {183–190},
  language = {fr},
  journal = {Tracés},
  keywords = {article}
}
@article{stella2019-158,
  author = {Stella, Alessandro},
  title = {L'Italie, de la révolution à la réaction ?},
  volume = {53},
  date = {2019},
  pages = {73–83},
  language = {fr},
  journal = {Tumultes},
  number = {10},
  keywords = {article}
}
@article{stella2019-159,
  author = {Stella, Alessandro},
  title = {Le peyotl, la chair des dieux},
  volume = {61},
  date = {2019},
  pages = {18–22},
  language = {fr},
  journal = {Ethnopharmacologia},
  number = {06},
  keywords = {article}
}
@article{tatoueix2019-160,
  author = {Tatoueix, Laura},
  title = {Les enjeux spirituels de l’avortement, de la doctrine à la pratique : l’exemple de l’Abrégé de l’embryologie sacrée de F. E. Cangiamila traduit par l’abbé Dinouart (1762)},
  volume = {26},
  date = {2019},
  pages = {39–54},
  language = {fr},
  journal = {Chrétiens et Sociétés (XVIe-XXIe siècles)},
  keywords = {article}
}
@article{vincent2019-161,
  author = {Vincent, Bernard},
  title = {Tirso González de Santalla, un jesuita misionero (1664-1686)},
  volume = {7},
  date = {2019},
  pages = {192–203},
  language = {es},
  journal = {eHumanista Conversos},
  keywords = {article}
}
@article{vincent2019-162,
  author = {Vincent, Bernard},
  title = {Les morisques et la sédentarité},
  volume = {12},
  date = {2019},
  pages = {137–146},
  language = {fr},
  journal = {Hispanismes},
  keywords = {article}
}
@article{vincent2019-163,
  author = {Vincent, Bernard},
  title = {La población de la diócesis de Guadix en el siglo XVI. Estructura y evolución},
  volume = {XXX},
  date = {2017},
  pages = {329–342},
  note = {paru en 2019},
  language = {es},
  journal = {Boletín del Centro de Estudios Pedro Suárez},
  number = {30},
  keywords = {article}
}

%%%%%% CHAPITRES D'OUVRAGE COLLECTIF 2019 %%%%%%

@incollection{polodebeaulieu2019-641,
  title = {Beaucaire, Arles et le Midi rhodanien : les Otia imperialia de Gervais de Tilbury},
  author = {Polo De Beaulieu, Marie Anne},
  editor = {Bourin, Monique},
  editortype = {dir.},
  publisher = {SHAB},
  booktitle = {1216. Le siège de Beaucaire. Pouvoir, société et culture dans le Midi rhodanien (seconde moitié du XIIe -- première moitié du XIIIe siècle)},
  year = {2019},
  address = {Paris},
  pages = {},
  url = {https://halshs.archives-ouvertes.fr/halshs-02375188},
  HAL_id = {halshs-02375188},
  HAL_version = {v1},
  language = {fr},
  keywords = {chap}
}
@incollection{polodebeaulieu2019-228,
  title = {Lire et faire lire des recueils d'exempla. Entre persuasion cistercienne et efficace dominicaine},
  editor = {Evdokimova, Ludmilla and Marchandisse, Alain},
  editortype = {dir.},
  author = {Polo De Beaulieu, Marie Anne and Smirnova, Victoria},
  booktitle = {Le Texte médiéval dans le processus de communication},
  year = {2019},
  address = {Paris},
  publisher = {Classiques Garnier},
  pages = {133-134},
  url = {https://halshs.archives-ouvertes.fr/halshs-02375139},
  HAL_id = {halshs-02375139},
  HAL_version = {v1},
  language = {fr},
  keywords = {chap}
}
@incollection{grevsmuhl2019-640,
  title = {1965: Astérix Among the Stars},
  author = {Grevsmühl, Sebastian},
  booktitle = {France in the World: A New Global History},
  editor = {Boucheron, Patrick and Gerson, Stéphane},
  publisher = {Other Press},
  addres = {New York},
  pages = {813-817},
  year = {2019},
  url = {https://hal.archives-ouvertes.fr/hal-02297032},
  pdf = {https://hal.archives-ouvertes.fr/hal-02297032/file/Grevsmuhl_1965_asterix_france_in_the_world.pdf},
  HAL_id = {hal-02297032},
  HAL_version = {v1},
  language = {en},
  keywords = {chap}
}
@incollection{ribard2019-623,
  title = {La Fronde et ses traces, l'histoire dans l'événement},
  author = {Ribard, Dinah},
  booktitle = {La Fronde des Mémoires (1648-1750)},
  editor = {Hersant, Marc and Tourrette, Eric},
  editortype = {dir.},
  publisher = {Classiques Garnier},
  address = {Paris},
  pages = {153-166},
  year = {2019},
  url = {https://halshs.archives-ouvertes.fr/halshs-03134989},
  HAL_id = {halshs-03134989},
  HAL_version = {v1},
  language = {fr},
  keywords = {chap}
}
@incollection{polodebeaulieu2019-620,
  title = {Visual Preaching in Russia (17th-19th Century)},
  author = {Polo De Beaulieu, Marie Anne and Smirnova, Victoria},
  booktitle = {Preaching and New Worlds: Sermons as Mirrors of Realms Near and Far},
  year = {2019},
  editor = {Johnson, Timothy J. and Wrisley Shelby, Katherine and Young, John D.},
  editortype = {dir.},
  publisher = {Routledge},
  address = {New York and Londres},
  pages = {201-226},
  url = {https://halshs.archives-ouvertes.fr/halshs-02375185},
  HAL_id = {halshs-02375185},
  HAL_version = {v1},
  language = {fr},
  keywords = {chap}
}
@incollection{polodebeaulieu2019-609,
  title = {Incursion d'un chevalier polonais dans la tradition manuscrite de la Scala coeli de Jean Gobi le Jeune († v. 1350)},
  author = {Polo De Beaulieu, Marie Anne},
  booktitle = {Fleurs de clergie, Mélanges Jean-Yves Tilliette},
  publisher = {Droz},
  address = {Genève},
  pages = {985-1006},
  year = {2019},
  url = {https://halshs.archives-ouvertes.fr/halshs-02375161},
  HAL_id = {halshs-02375161},
  HAL_version = {v1},
  language = {fr},
  keywords = {chap}
}
@incollection{polodebeaulieu2019-611,
  title = {Ex-votos aux âmes du purgatoire (Rio 2012). Croisement d'une enquête sur le lundi des Trépassés au Moyen Age et d'une enquête ethnographique contemporaine},
  author = {Polo De Beaulieu, Marie Anne},
  editor = {Ehmig, Ulrike and Fabre, Pierre-Antoine and Polo de Beaulieu, Marie Anne},
  editortype = {dir.},
  booktitle = {Les ex-voto : objets, usages, traditions. Un regard croisé franco-allemand},
  year = {2019},
  address = {Gutenberg},
  publisher = {Computus Druck Satz \& Verlag},
  series = {Pietas, Band 11},
  pages = {155-176},
  url = {https://halshs.archives-ouvertes.fr/halshs-02375123},
  HAL_id = {halshs-02375123},
  HAL_version = {v1},
  language = {fr},
  keywords = {chap}
}
@incollection{miramonde2019-500,
  title = {Y a-t-il un espace public de la Réforme grégorienne ? L'exemple des traités en faveur du mariage des clercs autour de l'année 1075},
  author = {Miramon (de), Charles},
  booktitle = {Les régimes de polémicité au Moyen âge},
  editor = {Sère, Bénédicte},
  publisher = {PUR},
  pages = {63--71},
  year = {2019},
  url = {https://halshs.archives-ouvertes.fr/halshs-01968245},
  pdf = {https://halshs.archives-ouvertes.fr/halshs-01968245/file/PolemologieEspacePublic.pdf},
  HAL_id = {halshs-01968245},
  HAL_version = {v1},
  language = {fr},
  keywords = {chap}
}
@incollection{aymard2019-164,
  author = {Aymard, Maurice},
  title = {Croissance et développement dans les campagnes de l'Europe moderne. Un débat toujours ouvert},
  editor = {Hermant, Laurent},
  editortype = {dir.},
  booktitle = {Histoire rurale de l'Europe, XVIe-XXe siècle},
  address = {Paris},
  publisher = {Éditions de l'EHESS},
  date = {2019},
  pages = {317-332},
  language = {fr},
  keywords = {chap}
}
@incollection{berlioz2019-165,
  author = {Berlioz, Jacques},
  title = {Le neveu de l’évêque et le panier de poires. Fruits et récits exemplaires au Moyen Âge},
  booktitle = {Fleurs et fruits au Moyen Âge. Actes du colloque de l’association Au pied du Sycomore, Saintes, mai 2014-Paris, octobre 2015, Présentés par Danielle Bohler et Michel Pastoureau},
  address = {Paris},
  publisher = {Le Léopard d'Or},
  series = {Cahiers du Léopard d'Or, 18},
  pages = {213–231},
  date = {2019},
  language = {fr},
  keywords = {chap}
}
@incollection{berlioz2019-166,
  author = {Berlioz, Jacques},
  title = {Index botanique},
  booktitle = {Fleurs et fruits au Moyen Âge. Actes du colloque de l’association Au pied du Sycomore, Saintes, mai 2014-Paris, octobre 2015, Présentés par Danielle Bohler et Michel Pastoureau},
  address = {Paris},
  publisher = {Le Léopard d'Or},
  series = {Cahiers du Léopard d'Or, 18},
  pages = {305-308},
  date = {2019},
  language = {fr},
  keywords = {chap}
}
@incollection{minard2019-167,
  author = {Minard, Philippe},
  title = {Quality disputes among the London leather trades in 18th Century},
  editor = {Safley, Thomas Max},
  editortype = {dir.},
  date = {2019},
  pages = {96-112},
  language = {en},
  booktitle = {Labor Before the Industrial Revolution: Work, Technology and their Ecologies in an Age of Early Capitalism},
  address = {Abingdon},
  publisher = {Routledge},
  keywords = {chap}
}
@incollection{minard2019-168,
  author = {Minard, Philippe},
  title = {Vertrauensproduktion : Märkte, Normen und Konventionen im 18. Jahrhundert},
  editor = {Jakob, Vogel and Marcel, Treng and Robert, Salais},
  editortype = {dir.},
  date = {2019},
  pages = {215-246},
  language = {de},
  booktitle = {Qualitätpolitiken und Konventionen. Die Qualität der Produkt in historischer Perspektive},
  address = {Wiesbaden},
  publisher = {Springer},
  keywords = {chap}
}
@incollection{fauvechamoux2019-169,
  author = {Fauve-Chamoux, Antoinette},
  title = {Lone Motherhood in Past Europe, Female Labour and Family Transmission Systems},
  editor = {Hohenwarter, Michaela and Iber, Walter and Krautzer, Thomas},
  editortype = {dir.},
  date = {2019},
  pages = {81–100},
  language = {de},
  booktitle = {Mensch im Mittelpunkt, Bevölkerung - Ökonomie - Erinnerung. Festschrift für Peter Teibenbacher zum 65. Geburtstag},
  address = {Vienne},
  publisher = {Lit},
  keywords = {chap}
}

@incollection{arnoux2019-170,
  author = {Arnoux, Mathieu},
  title = {Valeur sociale du travail et émergence de l’économie (Europe, Xe- XIIIe siècles)},
  editor = {Brunori, L. and Dauchy, S. and Descamps, O. and Prévost, X.},
  editortype = {dir.},
  date = {2019},
  pages = {33–42},
  language = {fr},
  booktitle = {Le Droit face à l’économie sans travail},
  booksubtitle = {Tome I. Sources intellectuelles, acteurs, résolution des conflits},
  address = {Paris},
  keywords = {chap}
}
@incollection{asseo2019-171,
  author = {Asséo, Henriette},
  title = {Les mondes judéo-espagnols entre empire et nations},
  editor = {Asséo, Henriette and Bellaïche-Cohen, Annie and Flicoteaux, Muriel and Guttstadt, Corry and Rothéa, Xavier and Soulam, Sabi and Toledo, Alain},
  editortype = {dir.},
  publisher = {Muestros Dezaparesidos},
  date = {2019},
  pages = {27–75},
  language = {fr},
  booktitle = {Mémorial des Judéo-Espagnols déportés de France},
  address = {Paris},
  keywords = {chap}
}
@incollection{asseo2019-172,
  author = {Asséo, Henriette},
  title = {Postface : Adresse à Philomena},
  note = {Traduction de l’allemand par Philomena Franz},
  publisher = {Petra},
  date = {2019},
  pages = {279–296},
  language = {fr},
  booktitle = {L’Amour a vaincu la mort},
  address = {Paris},
  keywords = {chap}
}
@incollection{baciocchi2019-173,
  author = {Baciocchi, Stéphane and Cottereau, Alain},
  title = {Observer l’inobservable dans un budget de famille ouvrière. L’expérimentation de F. Le Play auprès de Francesca à Vienne (Autriche), mai-juin 1853},
  editor = {Geerkens, E. and Hatzfeld, N. and Vigna, x. and Lespinet, I.},
  editortype = {dir.},
  publisher = {Ed. La Découverte},
  note = {Recherches},
  date = {2019},
  pages = {368–386},
  url = {https://www.cairn.info/les-enquetes-ouvrieres-dans-l-europe-contemporaine--9782707199843-page-368.htm},
  language = {fr},
  booktitle = {Enquêtes ouvrières dans l'Europe contemporaine, entre pratiques scientifiques et passions politiques},
  address = {Paris},
  keywords = {chap}
}
@incollection{backouche2019-174,
  author = {Backouche, Isabelle},
  title = {La Zone et les zoniers parisiens. Un territoire habité, un espace stigmatisé},
  editor = {Bellanger, Emmanuel and Tellier, Thibault and Vadelorge, Loïc and Voldman, Danièle and Vorms, Charlotte},
  editortype = {dir.},
  publisher = {Créaphis},
  date = {2019},
  pages = {49–66},
  language = {fr},
  booktitle = {Genres urbains. Autour d’Annie Fourcaut},
  address = {Paris},
  keywords = {chap}
}
@incollection{baruch2019-175,
  author = {Baruch, Marc Olivier},
  title = {Je n'en connais pas la fin ; la chanson à la Libération},
  editor = {Poirier, Alain and Feneyrou, Laurent},
  editortype = {dir.},
  publisher = {Vrin},
  date = {2019},
  pages = {414–424},
  language = {fr},
  booktitle = {De la Libération au Domaine musical ; dix ans de musique en France (1944-1954)},
  address = {Paris},
  keywords = {chap}
}
@incollection{baruch2019-176,
  author = {Baruch, Marc Olivier},
  title = {Une longue quête vers l'inachevé},
  editor = {Cornu, Marie and Potin, Yann and Wagener, Noé},
  editortype = {dir.},
  publisher = {La Documentation française},
  date = {2019},
  pages = {533–541},
  language = {fr},
  booktitle = {1979, genèse d'une loi sur les archives},
  address = {Paris},
  keywords = {chap}
}
@incollection{baruch2019-177,
  author = {Baruch, Marc Olivier},
  title = {Une fiction d'histoire},
  editor = {Beaubatie, Gilbert},
  editortype = {dir.},
  publisher = {Mille Sources éditeur},
  date = {2019},
  pages = {19–22},
  language = {fr},
  booktitle = {Pierre Laborie, hommages et témoignages},
  address = {Brive},
  keywords = {chap}
}
@incollection{baumgarten2019-178,
  author = {Baumgarten, Jean and Rosier-Catach, Irène and Totaro, Pina},
  title = {Spinoza, grammaire et philosophie : le Compendium grammatices linguae hebraeae},
  editor = {Baumgarten, Jean and Rosier-Catach, Irène and Totaro, Pina},
  editortype = {dir.},
  publisher = {CNRS Éditions},
  date = {2019},
  pages = {13–20},
  language = {fr},
  booktitle = {Spinoza : Philosophe grammairien},
  address = {Paris},
  keywords = {chap}
}
@incollection{baumgarten2019-179,
  author = {Baumgarten, Jean},
  title = {De quelques possibles sources juives du Compendium de Spinoza},
  editor = {Baumgarten, Jean and Rosier-Catach, Irène and Totaro, Pina},
  editortype = {dir.},
  publisher = {CNRS Éditions},
  date = {2019},
  pages = {127–158},
  language = {fr},
  booktitle = {Spinoza : Philosophe grammairien},
  address = {Paris},
  keywords = {chap}
}
@incollection{beaur2019-180,
  author = {Béaur, Gérard and Chevet, Jean-Michel},
  title = {Les incertitudes de la croissance. Y a-t-il eu un modèle français du développement agricole ?},
  editor = {Herment, Laurent},
  editortype = {dir.},
  publisher = {Éditions de l'EHESS},
  date = {2019},
  pages = {271–296},
  language = {fr},
  booktitle = {Histoire rurale de l’Europe (XVIe-XXe siècles)},
  address = {Paris},
  keywords = {chap}
}
@incollection{beaur2019-181,
  author = {Béaur, Gérard},
  title = {Preventing subsistence crises: The State and the Granaries of Abundance in Old Regime France},
  editor = {Herment, Laurent and Mignemi, Niccolo and Ronsijn, Wouter},
  editortype = {dir.},
  publisher = {Brepols},
  volume = {17},
  date = {2019},
  pages = {193–210},
  language = {en},
  series = {CORN},
  booktitle = {Stocks, Seasons and Sales: Food Supply, Storage and Markets in Europe and the New World, c. 1600-2000},
  address = {Turnhout},
  keywords = {chap}
}
@incollection{berlioz2019-182,
  author = {Berlioz, Jacques},
  title = {Le Carnaval romain chez le dominicain Étienne de Bourbon (mort vers 1261) ou l’habile escamotage d’un rituel sanglant},
  editor = {Collet, Olivier and Foehr-Janssens, Yasmina and Mühlethaler, Jean-Claude and Deleville, Prunelle},
  editortype = {dir.},
  publisher = {Droz},
  date = {2019},
  pages = {31–56},
  language = {fr},
  booktitle = {Fleur de clergie. Mélanges en l’honneur de Jean-Yves Tilliette},
  address = {Genève},
  keywords = {chap}
}
@incollection{berlioz2019-183,
  author = {Berlioz, Jacques and Polo de Beaulieu, Marie Anne},
  title = {La transmission d’un savoir juridique par les recueils d’exempla (XIIIe-XIVe siècles)},
  editor = {Gaffuri, Laura and Parrinello, Rosa Maria},
  editortype = {dir.},
  date = {2019},
  publisher = {Firenze University Press},
  pages = {299–324},
  language = {fr},
  booktitle = {Erbum et Ius},
  booksubttile = {Actes du congrès de l’International Medieval Sermon Studies Society, Brescia, 2012},
  address = {Florence},
  url = {https://rmblf.be/2019/03/05/publication-en-ligne-verbum-e-ius-predicazione-e-sistemi-giuridici-nelloccidente-medievale-dir-laura-gaffuri-et-rosa-maria-parrinello/},
  note = {\url{https://halshs.archives-ouvertes.fr/halshs-02375137}},
  HAL_id = {halshs-02375137},
  HAL_version = {v1},
  keywords = {chap}
}
@incollection{berlioz2019-184,
  author = {Berlioz, Jacques and Guerreau, Alain},
  title = {La place de la chair dans les recueils d’exempla méridionaux (XIIIe-XIVe siècles)},
  publisher = {Privat},
  date = {2019},
  pages = {211–233},
  language = {fr},
  booktitle = {L’Eglise et la chair, 52e colloque de Fanjeaux, 4-7 juillet 2016},
  address = {Toulouse},
  keywords = {chap}
}
@incollection{bonnefoy2019-185,
  author = {Bonnefoy, Baptiste},
  title = {Revueltas urbanas en los puertos españoles del Caribe revolucionario (1794-1799)},
  editor = {Mantecón, T.A. and Arce, M. Torres and Truchuelo, S.},
  editortype = {dir.},
  publisher = {Editorial Universidad de Cantabria},
  date = {2019},
  pages = {259–277},
  language = {es},
  booktitle = {Dimensiones del conflicto: resistencia, violencia y policía en el mundo urbano},
  address = {Santander},
  keywords = {chap}
}
@incollection{bonneuil2019-186,
  author = {Bonneuil, Christophe},
  title = {Le pétrole vert. Les promesses des biotechnologies face à la crise énergétique (France, 1973-1984)},
  editor = {Vrignon, A. and Jarrige, F.},
  editortype = {dir.},
  booktitle = {Face à la puissance. Une histoire des énergies alternatives et renouvelables à l’âge industriel},
  publisher = {La Découverte},
  date = {2019},
  pages = {313–327},
  language = {fr},
  address = {Paris},
  keywords = {chap}
}
@incollection{bourdelais2019-187,
  author = {Bourdelais, Patrice},
  title = {Longer and better lives : The European fountain of youth},
  editor = {Abreu, Laurinda},
  editortype = {dir.},
  publisher = {Cidehus},
  date = {2019},
  pages = {1–12},
  url = {http://books.openedition.org/cidehus/8378},
  language = {en},
  booktitle = {Health, Care and Government Policy},
  address = {Evora},
  keywords = {chap}
}
@incollection{bourdelais2019-188,
  author = {Bourdelais, Patrice},
  title = {Indicateurs et comparaisons : l’exemple du vieillissement de la population},
  editor = {Blöss-Widmer, Isabelle and Blöss, Thierry},
  editortype = {dir.},
  publisher = {Karthala},
  date = {2019},
  pages = {107–124},
  language = {fr},
  booktitle = {Penser le vieillissement en Méditerranée. Données, processus et liens sociaux},
  address = {Paris},
  keywords = {chap}
}
@incollection{bruhns2019-189,
  author = {Bruhns, Hinnerk},
  title = {Max Weber’s Analysis of Capitalism},
  editor = {Hanke, Edith and Scaff, Lawrence A. and Whimster, Sam},
  editortype = {dir.},
  publisher = {Oxford University Press},
  date = {2019},
  pages = {47–68},
  language = {en},
  booktitle = {The Oxford Handbook of Max Weber},
  address = {Oxford},
  keywords = {chap}
}
@incollection{bruhns2019-190,
  author = {Bruhns, Hinnerk},
  title = {Le sociologue et la guerre : Max Weber (1914-1919)},
  editor = {Pfefferkorn, Roland and Guth, Suzie},
  editortype = {dir.},
  date = {2019},
  pages = {75–92},
  language = {fr},
  booktitle = {Strasbourg, creuset des sociologies allemandes et françaises},
  booksubtitle = {Max Weber, Georg Simmel, Maurice Halbwachs, Georges Gurvitch...},
  publisher = {L'Harmattan},
  address = {Paris},
  series = {Logiques sociales},
  keywords = {chap}
}
@incollection{bruhns2019-191,
  author = {Bruhns, Hinnerk},
  title = {Er kann gar nicht genug Welt in sich schlingen: Max Weber auf Reisen},
  publisher = {Mohr-Siebeck},
  editor = {Aldenhoff-Hübinger, Rita and Hanke, Edith},
  editortype = {dir.},
  date = {2019},
  pages = {IX - XIX},
  language = {de},
  booktitle = {Max Weber. Reisebriefe},
  note = {Introduction},
  address = {Tübingen},
  keywords = {chap}
}
@incollection{bruhns2019-192,
  author = {Bruhns, Hinnerk},
  title = {Max Weber: política, guerra - ¿y religión?},
  editor = {Lambruschini, Patricia and Trovero, Juan Ignacio and Weisz, Eduardo},
  editortype = {dir.},
  publisher = {Anthropos Editorial},
  date = {2019},
  pages = {55–70},
  language = {es},
  booktitle = {Viejos dioses, nuevos dioses. Política y religión a partir de Max Weber},
  address = {Barcelona},
  keywords = {chap}
}
@incollection{canal2019-193,
  author = {Canal, Jordi},
  title = {Exílios e exilados na história da Espanha},
  editor = {Silveira, Sila and Marcos Villela Pereira, Cheron Zanini Moretti},
  editortype = {dir.},
  volume = {2},
  publisher = {EDIPUCRS},
  date = {2019},
  pages = {157–194},
  language = {pt},
  booktitle = {Educaçâo clandestina. Educaçao e culturas politicas},
  address = {Porto Alegre},
  keywords = {chap}
}
@incollection{ciucu2019-194,
  author = {Ciucu, Cristina},
  title = {Acculturation néolibérale. L’uniformisation du monde et ses racines intellectuelles},
  publisher = {Seuil},
  date = {2019},
  pages = {97–108},
  language = {fr},
  booktitle = {Concerter les civilisations. Mélanges en l'honneur d'Alain Supiot},
  address = {Paris},
  keywords = {chap}
}
@inproceedings{ciucu2019-195,
  author = {Ciucu, Cristina},
  title = {A New Methodology for the Description of Manuscripts (Material and Textual Aspects) Applied to Hebrew Manuscripts},
  publisher = {Verloren},
  date = {2019},
  pages = {267–279},
  language = {en},
  booktitle = {Proceedings of the Conference Medieval Documents as Artefacts, 1100-1600},
  address = {Hilversum},
  keywords = {chap}
}
@incollection{cosandey2019-196,
  author = {Cosandey, Fanny},
  title = {Marie-Antoinette, reine de France},
  editor = {Baecque, Antoine},
  editortype = {dir.},
  publisher = {Éditions du patrimoine},
  date = {2019},
  pages = {29–37},
  language = {fr},
  booktitle = {Marie-Antoinette, métamorphoses d’une image},
  address = {Paris},
  keywords = {chap}
}
@incollection{cosandey2019-197,
  author = {Cosandey, Fanny},
  title = {Analyse politique du cycle de Rubens},
  editor = {Wampfler, Valérie and Hénin, Emmanuelle},
  editortype = {dir.},
  volume = {10},
  publisher = {Éditions et Presses Universitaires de Reims},
  date = {2019},
  pages = {373–387},
  language = {fr},
  series = {Héritages critiques},
  booktitle = {Memento Marie. Regards sur la galerie Médicis},
  keywords = {chap}
}
@incollection{dakhlia2019-198,
  author = {Dakhlia, Jocelyne},
  title = {Harems and Cathedrals : The Question of Gender and Sexuality in the Work of Marshall Hodgson},
  editor = {Burke, E. and Mankin, R.},
  editortype = {dir.},
  publisher = {University of Chicago Press},
  date = {2019},
  pages = {117–144},
  language = {en},
  booktitle = {Marshall Hodgson : Islam and Global History},
  keywords = {chap}
}
@incollection{dakhlia2019-199,
  author = {Dakhlia, Jocelyne},
  title = {L’eunuque, intègre homme d’état. L’historiographie fonctionnelle face à la précarité sociale et politique},
  booktitle = {Savants, amants, poètes et fous},
  booksubtitle = {Séances offertes à Katia Zakharia},
  editor = {Pinon, Catherine},
  editortype = {dir.},
  publisher = {Presses de l’Ifpo},
  date = {2019},
  address = {Beyrouth},
  pages = {293–316},
  language = {fr},
  doi = {10.4000/books.ifpo.13428},
  keywords = {chap}
}
@incollection{dakhlia2019-200,
  author = {Dakhlia, Jocelyne},
  title = {Circulations féminines et appartenances croisées en Méditerranée},
  editor = {Asquer, E.},
  editortype = {dir.},
  publisher = {École Française de Rome},
  date = {2019},
  pages = {157–171},
  language = {fr},
  booktitle = {Vingt-cinq ans après : les femmes au rendez-vous de l’histoire},
  keywords = {chap}
}
@incollection{debiais2019-201,
  author = {Debiais, Vincent},
  title = {Apuntes de cultura visual acerca de la figura del actor en el libro medieval (s. IX-XI)},
  editor = {Gimeno, Helena},
  editortype = {dir.},
  date = {2019},
  pages = {43–55},
  language = {es},
  booktitle = {Representatividad, devoción y usos del libro en el mundo medieval},
  address = {Saragosse},
  keywords = {chap}
}
@incollection{debiais2019-202,
  author = {Debiais, Vincent},
  title = {La nudité de Noé et les linges de l’autel},
  editor = {Bord, Lucien-Jean and Debiais, Vincent and Palazzo, Eric},
  editortype = {dir.},
  date = {2019},
  language = {fr},
  booktitle = {Voiler et dévoiler. Le rideau dans l’art et la liturgie antique et médiévale},
  address = {Paris},
  keywords = {chap}
}
@incollection{debiais2019-203,
  author = {Debiais, Vincent and Chastang, Pierre},
  title = {La liste médiévale : une technique matérielle et cognitive},
  editor = {Angotti, Claire and Chastang, Pierre and Debiais, Vincent and Kendrick, Laura},
  editortype = {dir.},
  date = {2019},
  pages = {5–14},
  language = {fr},
  booktitle = {Le Pouvoir des listes au Moyen Âge. Écritures des listes},
  address = {Paris},
  keywords = {chap}
}
@incollection{debiais2019-204,
  author = {Debiais, Vincent},
  title = {Urkunden in Stein. Funktionen und Wirkungen urkundlicher Inschriften},
  editor = {Bolle, Katarina and Van Hohe, Marc},
  editortype = {dir.},
  publisher = {Brüche, Neuanfänge},
  date = {2019},
  pages = {65–90},
  language = {de},
  booktitle = {Inschriftenkulturen im kommunalen Italien. Traditionen},
  address = {Berlin},
  keywords = {chap}
}
@incollection{debiais2019-205,
  author = {Debiais, Vincent},
  title = {Visibilité et présence des inscriptions dans l’image médiévale},
  editor = {Drodbeck, Sumanith and Poilpré, Anne-Orange},
  editortype = {dir.},
  date = {2019},
  pages = {357–378},
  language = {fr},
  booktitle = {Visibilité et présence de l’image dans l’espace ecclésial. Byzance et Moyen Âge occidental},
  address = {Paris},
  keywords = {chap}
}
@incollection{desrosiers2019-206,
  author = {Desrosiers, Sophie},
  title = {"Yarn, Textiles and Dyes" and "Sasanian samit from Antinoopolis},
  editor = {Whitfield, Susan},
  editortype = {dir.},
  publisher = {Thames \& Hudson},
  date = {2019},
  pages = {324–329},
  language = {en},
  booktitle = {Silk Roads},
  keywords = {chap}
}
@incollection{dittmar2019-207,
  author = {Dittmar, Pierre-Olivier},
  title = {Penser une anthropologie historique du vivant},
  editor = {Roy, Romain and Lamy, Jérôme},
  editortype = {dir.},
  publisher = {PUR},
  date = {2019},
  pages = {57–71},
  language = {fr},
  booktitle = {Pour une anthropologie historique de la nature},
  address = {Rennes},
  keywords = {chap}
}
@incollection{dreyfuss2019-208,
  author = {Dreyfuss, Mathias},
  title = {L’histoire des juifs en France : une histoire des juifs de France},
  editor = {Goldberg, Sylvie-Anne},
  editortype = {dir.},
  publisher = {Albin Michel},
  date = {2019},
  pages = {62–75},
  language = {fr},
  series = {Présences du judaïsme},
  booktitle = {Comment s’écrit l’histoire juive},
  address = {Paris},
  keywords = {chap}
}
@incollection{duhamelle2019-209,
  author = {Duhamelle, Christophe},
  title = {Le statut de minorité confessionnelle dans le Saint-Empire romain germanique à l’époque moderne},
  editor = {Jalabert, Laurent and Léonard, Julien},
  editortype = {dir.},
  publisher = {Presses universitaires du Septentrion},
  date = {2019},
  pages = {61–75},
  language = {fr},
  booktitle = {Les Protestantismes en Lorraine, XVIe-XXIe siècles},
  address = {Villeneuve d’Ascq},
  keywords = {chap}
}
@incollection{fridenson2019-210,
  author = {Fridenson, Patrick},
  title = {Pour une histoire de l'usine},
  editor = {Feiertag, Olivier and Simon, Marine},
  editortype = {dir.},
  publisher = {Presses universitaires de Rouen et du Havre},
  date = {2019},
  pages = {13–20},
  language = {fr},
  booktitle = {La vallée de la Seine et la seconde révolution industrielle},
  address = {Rouen},
  keywords = {chap}
}
@incollection{fridenson2019-211,
  author = {Fridenson, Patrick and Wada, Kazuo},
  title = {Automobiles},
  editor = {da Silva Lopes, Teresa and Tworek, Heidi J. S. and Lubinski, Christina},
  editortype = {dir.},
  publisher = {Routledge},
  date = {2019},
  pages = {392–409},
  language = {en},
  booktitle = {The Routledge Companion to the Makers of Global Business},
  address = {Abingdon-New York},
  keywords = {chap}
}
@incollection{green2019-212,
  author = {Green, Nancy L.},
  title = {Femmes, genre, migrations : historiographies en mouvement},
  editor = {Asquier, Enrica},
  editortype = {dir.},
  publisher = {École Française de Rome},
  date = {2019},
  pages = {215–226},
  language = {fr},
  booktitle = {Vingt-cinq ans après : Les femmes au rendez-vous de l’histoire},
  address = {Rome},
  keywords = {chap}
}
@incollection{grenier2019-213,
  author = {Grenier, Jean-Yves},
  title = {To Think the Unthinkable. Early Financial Theories (late 17th-18th Century)},
  editor = {Condorelli, Stefano and Menning, Daniel},
  editortype = {dir.},
  publisher = {De Gruyter},
  address = {Berlin},
  date = {2019},
  language = {en},
  booktitle = {Boom, Bust, and Beyond. New Perspectives on the 1720 Stock Market Bubble},
  keywords = {chap}
}
@incollection{grevin2019-214,
  author = {Grévin, Benoît},
  title = {Anamorphoses linguistiques : le pentacle des langues référentielles dans l’Occident latin},
  editor = {Robert, Jean-Noël},
  editortype = {dir.},
  publisher = {Collège de France},
  date = {2019},
  pages = {43–78},
  language = {fr},
  booktitle = {Hiéroglossie I. Moyen Âge latin, Monde arabo-persan, Tibet, Inde},
  address = {Paris},
  keywords = {chap}
}
@incollection{grevin2019-215,
  author = {Grévin, Benoît and Hartmann, Florian},
  title = {Einleitung},
  editor = {Grévin, Benoît and Hartmann, Florian},
  editortype = {dir.},
  date = {2019},
  pages = {11–43},
  language = {de},
  series = {Monographien zur Geschichte des Mittelalters, 65},
  booktitle = {Ars dictaminis. Handbuch der mittelalterlichen Briefstillehre, Anton Hiersemann Verlag},
  keywords = {chap}
}
@incollection{grevin2019-216,
  author = {Grévin, Benoît},
  title = {Die Ars dictaminis in Frankreich im 12. Jahrhundert},
  editor = {Grévin, Benoît and Hartmann, Florian},
  editortype = {dir.},
  publisher = {Anton Hiersemann Verlag},
  date = {2019},
  pages = {94–116},
  language = {de},
  series = {Monographien zur Geschichte des Mittelalters, 65},
  booktitle = {Ars dictaminis. Handbuch der mittelalterlichen Briefstillehre},
  keywords = {chap}
}
@incollection{grevin2019-217,
  author = {Grévin, Benoît},
  title = {Frankreich, die Iberische Halbinsel und England im 13. Jahrhundert},
  editor = {Grévin, Benoît and Hartmann, Florian},
  editortype = {dir.},
  publisher = {Anton Hiersemann Verlag},
  date = {2019},
  pages = {212–238},
  language = {de},
  series = {Monographien zur Geschichte desMittelalters, 65},
  booktitle = {Ars dictaminis. Handbuch der mittelalterlichen Briefstillehre},
  keywords = {chap}
}
@incollection{grevin2019-218,
  author = {Grévin, Benoît},
  title = {Frankreich und die iberische Halbinsel im 14. und 15. Jahrhundert},
  editor = {Grévin, Benoît and Hartmann, Florian},
  editortype = {dir.},
  publisher = {Anton Hiersemann Verlag},
  date = {2019},
  pages = {263–271},
  language = {de},
  series = {Monographien zur Geschichte des Mittelalters, 65},
  booktitle = {Ars dictaminis. Handbuch der mittelalterlichen Briefstillehre},
  keywords = {chap}
}
@incollection{grevin2019-219,
  author = {Grévin, Benoît},
  title = {Der Übergang vom Latein in die Volsksprachen (13.-14. Jahrhundert)},
  editor = {Grévin, Benoît and Hartmann, Florian},
  editortype = {dir.},
  publisher = {Anton Hiersemann Verlag},
  date = {2019},
  pages = {305–322},
  language = {de},
  series = {Monographien zur Geschichte des Mittelalters, 65},
  booktitle = {Ars dictaminis. Handbuch der mittelalterlichen Briefstillehre},
  keywords = {chap}
}
@incollection{grevin2019-220,
  author = {Grévin, Benoît},
  title = {Die Édition metrischer artes dictandi (Ende des 12. Bis Ende des 15. Jahrhunderts)},
  editor = {Grévin, Benoît and Hartmann, Florian},
  editortype = {dir.},
  publisher = {Anton Hiersemann Verlag},
  date = {2019},
  pages = {356–367},
  language = {de},
  booktitle = {Ars dictaminis. Handbuch der mittelalterlichen Briefstillehre},
  keywords = {chap}
}
@incollection{grevin2019-221,
  author = {Grévin, Benoît},
  title = {Fortleben: der rythmische cursus im Spätmittelalter und in der Renaissance (1200- 1500)},
  editor = {Grévin, Benoît and Hartmann, Florian},
  editortype = {dir.},
  publisher = {Anton Hiersemann Verlag},
  date = {2019},
  pages = {432–448},
  language = {de},
  booktitle = {Ars dictaminis. Handbuch der mittelalterlichen Briefstillehre},
  keywords = {chap}
}
@incollection{grevin2019-222,
  author = {Grévin, Benoît},
  title = {Die Lehre und ihre Zentren in Frankreich, 12.-14. Jahrhundert},
  editor = {Grévin, Benoît and Hartmann, Florian},
  editortype = {dir.},
  publisher = {Anton Hiersemann Verlag},
  date = {2019},
  pages = {477–485},
  language = {de},
  booktitle = {Ars dictaminis. Handbuch der mittelalterlichen Briefstillehre},
  keywords = {chap}
}
@incollection{grevin2019-223,
  author = {Grévin, Benoît},
  title = {Die ars dictaminis und andere Disziplinen},
  editor = {Grévin, Benoît and Hartmann, Florian},
  editortype = {dir.},
  publisher = {Anton Hiersemann Verlag},
  date = {2019},
  pages = {566–612},
  language = {de},
  booktitle = {Ars dictaminis. Handbuch der mittelalterlichen Briefstillehre},
  keywords = {chap}
}
@incollection{grevin2019-224,
  author = {Grévin, Benoît},
  title = {Revisiter l’histoire des rapports entre l’ars dictaminis et l’ars poetriae},
  date = {2019},
  pages = {351–369},
  booktitle = {Fleur de clergie. Mélanges en l’honneur de de Jean-Yves Tilliette},
  publisher = {Droz},
  address = {Genève},
  language = {fr},
  keywords = {chap}
}
@incollection{grevin2019-225,
  author = {Grévin, Benoît},
  title = {Comparing Medieval "Latin" and "Arabic" Textual Cultures from a Structural Perspective},
  editor = {König, Daniel},
  editortype = {dir.},
  publisher = {Heidelberg University Publishing},
  date = {2019},
  doi = {10.17885/heiup.448},
  pages = {5–29},
  language = {en},
  series = {Heidelberg Studies on Transculturality, 5},
  booktitle = {Latin and Arabic: Entangled Histories},
  address = {Heidelberg},
  keywords = {chap}
}
@incollection{grevin2019-226,
  author = {Grévin, Benoît},
  title = {Between Arabic and Latin in Late medieval and Renaissance Italy},
  editor = {König, Daniel},
  editortype = {dir.},
  publisher = {Heidelberg University Publishing},
  date = {2019},
  pages = {145–177},
  doi = {10.17885/heiup.448},
  language = {en},
  series = {Heidelberg Studies on Transculturality, 5},
  booktitle = {Latin and Arabic: Entangled Histories},
  address = {Heidelberg},
  keywords = {chap}
}
@incollection{grevin2019-227,
  author = {Grévin, Benoît},
  title = {La correspondance diplomatique entre la cour de Sicile, Byzance et la papauté au XIIIe siècle. Autour de la collection de lettres d’Innsbruck},
  editor = {Egedi-Kovács, Emese},
  editortype = {dir.},
  publisher = {Collège Eötvös József Elte},
  date = {2019},
  pages = {87–112},
  language = {fr},
  booktitle = {Byzance et l’Occident V. Ianua Europae},
  address = {Budapest},
  keywords = {chap}
}
@incollection{grevin2019-228,
  author = {Grévin, Benoît},
  title = {Les styles de la gestion administrative et gouvernementale, une friche de la recherche en histoire médiévale ?},
  editor = {Fossier, Arnaud and Petitjean, Johan and Revest, Clémence},
  editortype = {dir.},
  publisher = {École des Chartes},
  date = {2019},
  pages = {131–172},
  language = {fr},
  booktitle = {Écritures grises. Les instruments de travail des administrations (XIIe-XVIIe siècles)},
  address = {Paris},
  keywords = {chap}
}
@incollection{grevsmuehl2019-229,
  author = {Grevsmühl, Sebastian V.},
  title = {Visualising Climate and Climate Change: A longue durée Perspective},
  editor = {Feola, Giuseppe and Arnall, Alex and Geoghegan, Hilary},
  editortype = {dir.},
  publisher = {Cambridge University Press},
  date = {2019},
  pages = {46–67},
  language = {en},
  booktitle = {Climate and Culture: Multidisciplinary Perspectives on a Warming World},
  address = {Cambridge},
  url = {https://hal.archives-ouvertes.fr/hal-02297728},
  doi = {10.1017/9781108505284.004},
  pdf = {https://hal.archives-ouvertes.fr/hal-02297728v2/file/Grevsmuhl_PROOF_Visualising_climate_2019_p46-67.pdf},
  HAL_id = {hal-02297728},
  HAL_version = {v2},
  keywords = {chap}
}
@incollection{grevsmuehl2019-230,
  author = {Grevsmühl, Sebastian V.},
  title = {Laboratory Metaphors in Antarctic History: From Nature to Space},
  editor = {Herzberg, Julia and Franziska Torma, Christian Kehrt},
  editortype = {dir.},
  publisher = {Berghahn Books},
  date = {2019},
  pages = {211–235},
  language = {en},
  booktitle = {Ice and Snow in the Cold War: Histories of Extreme Climatic Environments},
  address = {New York, Oxford},
  url = {https://hal.archives-ouvertes.fr/hal-01973318},
  pdf = {https://hal.archives-ouvertes.fr/hal-01973318/file/grevsmuhl_laboratory_metaphors_HAL.pdf},
  HAL_id = {hal-01973318},
  HAL_version = {v1},
  keywords = {chap}
}
@incollection{hachezleroy2019-231,
  author = {Hachez-Leroy, Florence},
  title = {Conclusions et perspectives},
  editor = {Dorel-Ferré, G.},
  editortype = {dir.},
  publisher = {Université Savoie Mont Blanc},
  date = {2019},
  language = {fr},
  series = {Patrimoine},
  booktitle = {Le Patrimoine industriel dans tous ses états : un hommage à Louis Bergeron},
  address = {Chambéry},
  keywords = {chap}
}
@incollection{herment2019-232,
  author = {Herment, Laurent},
  title = {"The respiration of Paris" catchment area in the nineteenth century: stocks and flows},
  editor = {Mignemi, Niccolo and Ronsijn, Wouter},
  editortype = {dir.},
  volume = {17},
  publisher = {Brepols},
  date = {2019},
  language = {en},
  series = {CORN},
  booktitle = {Stocks, seasons and sales. Food supply, storage and markets in Europe and the New World, c. 1600-2000},
  address = {Turnout},
  keywords = {chap}
}
@incollection{herment2019-233,
  author = {Herment, Laurent},
  title = {Introduction. L’histoire rurale française au miroir de l’Europe},
  editor = {Herment, Laurent},
  editortype = {dir.},
  publisher = {Éditions EHESS},
  date = {2019},
  pages = {13–43},
  language = {fr},
  series = {En temps \& lieux},
  booktitle = {L’Histoire rurale de l’Europe, XVIe-XXe siècle},
  address = {Paris},
  keywords = {chap}
}
@incollection{herment2019-234,
  author = {Herment, Laurent},
  title = {Paris, un fournisseur d’engrais. "Société pour l’application des engrais liquides par le système tubulaire à la ferme de Vaujours"},
  editor = {Poirier, Nicolas and Conesa, Marc},
  editortype = {dir.},
  publisher = {Flaran 38, PUM},
  date = {2019},
  language = {fr},
  booktitle = {Fumiers ! Ordures ! Gestion et usages des déchets dans les campagnes de l’Occident médiéval et moderne},
  address = {Toulouse},
  keywords = {chap}
}
@incollection{iacub2019-235,
  author = {Iacub, Marcela},
  title = {Habiter dans des sociétés post-familiales : phalanstères et cités radieuses},
  editor = {Iacub, Marcela},
  editortype = {dir.},
  publisher = {Éditions Descartes \& Cie et Cent Mille Milliards},
  date = {2019},
  pages = {77–94},
  language = {fr},
  booktitle = {Les Architectures du bonheur, de Charles Fourier aux Grands Voisins},
  address = {Paris},
  keywords = {chap}
}
@incollection{iacub2019-236,
  author = {Iacub, Marcela},
  title = {Les Grands Voisins, comment révolutionner la logique du social grâce à des nouveaux espaces urbains », entretien avec William Dufourcq, directeur du site Saint Vincent de Paul},
  editor = {Iacub, Marcela},
  editortype = {dir.},
  publisher = {Éditions Descartes \& Cie et Cent Mille Milliards},
  date = {2019},
  pages = {11–28},
  language = {fr},
  booktitle = {Les Architectures du bonheur, de Charles Fourier aux Grands Voisins},
  address = {Paris},
  keywords = {chap}
}
@incollection{jouhaud2019-237,
  author = {Jouhaud, Christian},
  title = {Écritures de la Fronde. Le collectif et le singulier},
  editor = {Tourrette, Éric and Hersant, Marc},
  editortype = {dir.},
  publisher = {Classiques Garnier},
  date = {2019},
  pages = {139–152},
  language = {fr},
  booktitle = {La Fronde des Mémoires (1648-1750)},
  url = {https://halshs.archives-ouvertes.fr/halshs-03137399},
  HAL_id = {halshs-03137399},
  HAL_version = {v1},
  keywords = {chap}
}
@incollection{lyoncaen2019-238,
  author = {Lyon-Caen, Judith and Jouhaud, Christian},
  title = {De quoi les traces regardées comme des objets sont-elles l’archive ?},
  editor = {Louis, Annick and Zgola, Clara},
  editortype = {dir.},
  publisher = {publication en ligne sur Fabula},
  date = {2019},
  url = {https://www.fabula.org/colloques/document6325.php},
  language = {fr},
  booktitle = {Les écritures des archives I : Littérature, discipline littéraire et archives},
  address = {Paris},
  note = {\url{https://halshs.archives-ouvertes.fr/halshs-03137429}},
  HAL_id = {halshs-03137429},
  HAL_version = {v1},
  keywords = {chap}
}
@incollection{klapischzuber2019-239,
  author = {Klapisch-Zuber, Christiane},
  title = {Le genre mis au plafond},
  date = {2019},
  language = {fr},
  booktitle = {Les Sociabilités en images. Fêtes et jeux dans le décor domestique (XIIIe-XVIe siècle)},
  booksubtitle = {L'apport des plafonds peints (11èmes journées de rencontre de la RCPMM, Toulouse, Hôtel d’Assézat, 27-29 septembre 2018)},
  keywords = {chap}
}
@incollection{kriegel2019-240,
  author = {Kriegel, Maurice},
  title = {Not Scepticism, but Certainty: A Different Plea for Toleration in Late Medieval Spain},
  editor = {García-Arenal, Mercedes and Pastore, Stefania},
  editortype = {dir.},
  publisher = {Legenda},
  date = {2019},
  pages = {19–33},
  language = {en},
  booktitle = {From Doubt to Unbelief. Forms of Scepticism in the Iberian World},
  address = {Cambridge},
  keywords = {chap}
}
@incollection{labbe2019-241,
  author = {Labbé, Morgane},
  title = {National indifference, statistics, and the constructivist paradigm: The case of the "Tutejsi" ("the people from here") in interwar Polish censuses},
  editor = {Van Ginderachter, Maarten and Fox, Jon},
  editortype = {dir.},
  publisher = {Routledge},
  date = {2019},
  pages = {161–179},
  language = {en},
  booktitle = {National indifference and the History of Nationalism in Modern Europe},
  address = {London},
  keywords = {chap}
}
@incollection{lerouxth2019-242,
  author = {Le Roux, Thomas},
  title = {Industrialisation, transformations sociales en France, 1800-1914},
  editor = {Picard, Emmanuel and Cote, Sébastien},
  editortype = {dir.},
  publisher = {Nathan},
  date = {2019},
  pages = {73–102},
  language = {fr},
  booktitle = {Nations, empires, nationalités de 1789 aux lendemains de la Première Guerre mondiale},
  address = {Paris},
  keywords = {chap}
}
@incollection{lerouxth2019-243,
  author = {Le Roux, Thomas and Jarrige, François},
  title = {Naissance de l’enquête : les hygiénistes, Villermé et les ouvriers autour de 1840},
  editor = {Geerkens, Eric and Hatzfeld, Nicolas and Lespinet, Isabelle and Vigna, Xavier},
  editortype = {dir.},
  publisher = {La Découverte},
  date = {2019},
  pages = {41–52},
  language = {fr},
  booktitle = {Enquêtes ouvrières dans l'Europe contemporaine, entre pratiques scientifiques et passions politiques},
  address = {Paris},
  keywords = {chap}
}
@incollection{lerouxfl2019-244,
  author = {Leroux, Flavie},
  title = {La fortune familiale d’une favorite sous Louis XIV : Madame de Montespan et la politique matrimoniale des Rochechouart-Mortemart},
  editor = {Dor, Juliette and Henneau, Marie-Élisabeth and Marchandisse, Alain},
  editortype = {dir.},
  publisher = {Publications de l’Université de Saint-Étienne},
  date = {2019},
  pages = {97–112},
  language = {fr},
  booktitle = {Maîtresses et favorites dans les coulisses du pouvoir du Moyen Âge à l’Époque moderne},
  address = {Saint-Étienne},
  keywords = {chap}
}
@incollection{lilti2019-245,
  author = {Lilti, Antoine},
  title = {Après l’espace public : Sociabilité, communication, publicité},
  editor = {Delon, Michel},
  editortype = {dir.},
  publisher = {Hermann},
  date = {2019},
  pages = {29–45},
  language = {fr},
  booktitle = {Le Futur des Lumières},
  keywords = {chap}
}
@incollection{lilti2019-246,
  author = {Lilti, Antoine},
  title = {1778 : Mourir à Hawaï},
  editor = {Bertrand, Romain},
  editortype = {dir.},
  publisher = {Seuil},
  date = {2019},
  pages = {391–395},
  language = {fr},
  booktitle = {L’Exploration du monde},
  address = {Paris},
  keywords = {chap}
}
@incollection{lilti2019-247,
  author = {Lilti, Antoine},
  title = {L’ironie de l’histoire},
  editor = {Sirinelli, Jean-François and Potin, Yann},
  editortype = {dir.},
  publisher = {CNRS Éditions},
  address = {Paris},
  date = {2019},
  pages = {341–348},
  language = {fr},
  booktitle = {Générations historiennes},
  booksubtitle = {XIXe-XXIe siècle},
  keywords = {chap}
}
@incollection{locher2019-248,
  author = {Locher, Fabien},
  title = {Les communs et la mer. Une enquête sur les savoirs de gouvernement des ressources marines (1950-1990)},
  editor = {Laval, Christian and Sauvêtre, Pierre and Taylan, Ferhat},
  editortype = {dir.},
  publisher = {Hermann},
  date = {2019},
  pages = {151–164},
  language = {fr},
  booktitle = {L'Alternative du commun},
  address = {Paris},
  keywords = {chap}
}
@incollection{luna2019-249,
  author = {Luna, Pablo F. and Quiroz Ch, Francisco},
  title = {Introducción},
  editor = {Quiroz Ch, Francisco and Luna, Pablo F.},
  editortype = {dir.},
  publisher = {Institut français d’études andines (Umifre 17) / Fondation M. J. Bustamante de la Fuente},
  note = {Avec le soutien du Centre de recherches historiques CRH (CNRS-EHESS UMR 8558)},
  date = {2019},
  pages = {11–49},
  language = {fr},
  booktitle = {Haciendas en el Mundo Andino, Siglos XVI-XX},
  address = {Lima},
  keywords = {chap}
}
@incollection{luna2019-250,
  author = {Luna, Pablo F.},
  title = {Las haciendas de La Quebrada y Casablanca en Cañete (Perú) : Del auge productivo a la crisis financiera, siglos XVIII-XIX},
  editor = {Luna, Pablo F. and Quiroz Ch, Francisco},
  editortype = {dir.},
  publisher = {Institut français d’études andines (Umifre 17) / Fondation M. J. Bustamante de la Fuente},
  note = {Avec le soutien du Centre de recherches historiques CRH (CNRS-EHESS UMR 8558)},
  date = {2019},
  pages = {107–138},
  language = {fr},
  booktitle = {Haciendas en el Mundo Andino, Siglos XVI-XX},
  address = {Lima},
  keywords = {chap}
}
@incollection{luna2019-251,
  author = {Luna, Pablo F.},
  title = {Production and provisioning : the Tumulto of 1692 in Mexico City},
  editor = {Ronsijn, Wouter and Mignemi, Niccolo and Herment, Laurent},
  editortype = {dir.},
  publisher = {Brepols},
  date = {2019},
  pages = {77–101},
  language = {en},
  booktitle = {Stocks, seasons and sales. Food supplies, storage and markets in Europe and the New World, c. 1600-2000},
  address = {Turnhout},
  keywords = {chap}
}
@incollection{mak2019-252,
  author = {Mak, Ariane},
  title = {Worktown. Les enquêtes fondatrices du Mass Observation à Bolton (1937-1938)},
  editor = {Hatzfeld, Nicolas and Vigna, Xavier and Geerkens, Eric and Lespinet, Isabelle},
  editortype = {dir.},
  publisher = {La Découverte},
  date = {2019},
  pages = {400–413},
  language = {fr},
  booktitle = {Enquêtes ouvrières dans l’Europe contemporaine, entre pratiques scientifiques et passions politiques},
  address = {Paris},
  keywords = {chap}
}
@incollection{mano2019-253,
  author = {Mano, Davide},
  title = {Gli ebrei nella nuova comunità leopoldina (1765-1790) : alcuni spunti di riflessione storica},
  editor = {Nesti, Arnaldo and Picone, Giuseppe},
  editortype = {dir.},
  publisher = {Cisreco Edizioni},
  date = {2019},
  pages = {73–84},
  language = {it},
  booktitle = {La libertà religiosa nella Toscana granducale: dalle "Leggi Livornine" al Concordato del 1851. Atti del seminario di studi, San Gimignano, 7 dicembre 2018},
  address = {San Gimignano},
  url = {https://halshs.archives-ouvertes.fr/halshs-02903145},
  pdf = {https://halshs.archives-ouvertes.fr/halshs-02903145/file/Mano_Ebrei_Leopoldine_2019.pdf},
  HAL_id = {halshs-02903145},
  HAL_version = {v1},
  keywords = {chap}
}
@incollection{mitsou2019-254,
  author = {Mitsou, Marilisa},
  title = {Dai miti letterari alle tradizioni popolari. La mitologia neoellenica di N. G. Politis},
  editor = {Miano, Matteo and Zambalou, Sophie and Zimbone, Anna},
  editortype = {dir.},
  publisher = {Edizioni Lussografica},
  date = {2019},
  pages = {255–264},
  language = {it},
  booktitle = {Da Omero a Elytis. La metafora del mito dall’epos antico alle letterature moderne},
  address = {Caltanissetta},
  keywords = {chap}
}
@incollection{monnet2019-255,
  author = {Monnet, Pierre},
  title = {Peindre à en mourir : Jerg Ratgeb ou le mystère de l’engagement entre Réforme et Renaissance allemandes},
  editor = {Boucheron, Patrick},
  editortype = {dir.},
  publisher = {Publications de la Sorbonne},
  date = {2019},
  pages = {120–134},
  language = {fr},
  booktitle = {L’Artiste engagé au Moyen Âge et à l’époque moderne},
  address = {Paris},
  keywords = {chap}
}
@incollection{monnet2019-256,
  author = {Monnet, Pierre},
  title = {La Bulle d’Or, une "constitution" pour l’Empire ?},
  editor = {Genet, Jean-Philippe and Foronda, François},
  editortype = {dir.},
  publisher = {Publications de la Sorbonne et Casa de Velasquze},
  pages = {149–189},
  language = {fr},
  booktitle = {Des chartes aux constitutions},
  booksubtitle = {Autour de l’idée constitutionnelle en Europe (XIIe-XVIIe siècle)},
  address = {Paris-Madrid},
  date = {2019},
  keywords = {chap}
}
@incollection{monnet2019-257,
  author = {Monnet, Pierre},
  title = {Studying the Middle Ages: Historical Food for Thought in the Present Day},
  editor = {Jones, Chris and Kostick, Conor and Oschema, Klaus},
  editortype = {dir.},
  publisher = {De Gruyter},
  date = {2019},
  pages = {277–288},
  language = {en},
  booktitle = {Making the Medieval Relevant. How Medieval Studies Contribute to Improving our Understanding of the Present},
  address = {Berlin},
  keywords = {chap}
}
@incollection{monnet2019-258,
  author = {Monnet, Pierre},
  title = {Stadtluft macht frei},
  editor = {Monnet, Pierre and Rader, Olaf},
  editortype = {dir.},
  publisher = {Theiss et Wissenschaftliche Buchgesellschaft},
  date = {2019},
  pages = {128–143},
  language = {de},
  booktitle = {Europa. Die Gegenwart unserer Geschichte. Band II : Vielfalt und Widersprüche},
  address = {Darmstadt},
  keywords = {chap}
}
@incollection{muchnik2019-259,
  author = {Muchnik, Natalia},
  title = {Es Villareal tierra de confesos judaiçantes : territorialidad del marranismo en la España de los siglos XVI y XVII},
  editor = {Sutton, Silvia Hamui},
  editortype = {dir.},
  publisher = {CDIJUM-Universidad Iberoamericana},
  date = {2019},
  pages = {173–204},
  language = {es},
  booktitle = {Criptojudíos. Siglos XVI-XVIII},
  address = {Mexico},
  keywords = {chap}
}
@incollection{muchnik2019-260,
  author = {Muchnik, Natalia},
  title = {Conversos vs. Recusants: shaping the markers of difference (1570-1680). A comparison},
  editor = {Kaplan, Yosef},
  editortype = {dir.},
  publisher = {Brill},
  date = {2019},
  pages = {43–70},
  language = {en},
  booktitle = {Religious Changes and Cultural Transformations in the Early Modern Western Sephardi Communities},
  address = {Leyde},
  keywords = {chap}
}
@incollection{passini2019-261,
  author = {Passini, Jean},
  title = {Del interior de la casa toledana siglos xv al xvii : estado y transformación. Corpus de las casas de la Capilla de Reyes Nuevos y posesiones de los racioneros de la Catedral de Toledo},
  editor = {Jorge, María Elena Díez},
  editortype = {dir.},
  publisher = {Comares},
  date = {2019},
  pages = {69–100},
  language = {es},
  booktitle = {De puertas para adentro. La casa en los siglos XV y XVI},
  address = {Granada},
  keywords = {chap}
}
@incollection{piron2019-262,
  author = {Piron, Sylvain},
  title = {Nature et surnaturel},
  editor = {Cometti, Geremia and Le Roux, Pierre and Manicone, Tiziana and Martin, Nastassja},
  editortype = {dir.},
  publisher = {Tautem},
  date = {2019},
  pages = {837–854},
  language = {de},
  booktitle = {Au seuil de la forêt. Hommage à Philippe Descola},
  address = {Mirebeau-sur-Bèze},
  url = {https://halshs.archives-ouvertes.fr/halshs-02360785},
  pdf = {https://halshs.archives-ouvertes.fr/halshs-02360785/file/Nature%20et%20surnaturel.pdf},
  HAL_id = {halshs-02360785},
  HAL_version = {v1},
  keywords = {chap}
}
@incollection{roullet2019-263,
  author = {Roullet, Antoine},
  title = {Dieu à l’exclamatif : usages de la parole, de l’écrit et posture dévote dans les oraisons jaculatoires (Espagne, XVIe-XVIIe siècle)},
  editor = {Guillabert-Madinier, Tiphaine and Ferrant, Julien},
  editortype = {dir.},
  publisher = {Garnier},
  pages = {171–189},
  language = {fr},
  booktitle = {Le Langage de la foi dans l’Europe des réformes},
  address = {Paris},
  date = {2019},
  url = {https://halshs.archives-ouvertes.fr/halshs-03091520},
  HAL_id = {halshs-03091520},
  HAL_version = {v1},
  keywords = {chap}
}
@incollection{rucquoi2019-264,
  author = {Rucquoi, Adeline},
  title = {Auctoritas, potestas: Concepts of Power in Medieval Spain},
  editor = {Sabaté, Flocel},
  editortype = {dir.},
  publisher = {Arc Humanities Press},
  date = {2019},
  pages = {51–72},
  language = {en},
  booktitle = {Ideology in the Middle Ages, Approaches from Southwestern Europe},
  address = {Leeds},
  keywords = {chap}
}
@incollection{rucquoi2019-265,
  author = {Rucquoi, Adeline},
  title = {L’Historia Turpini, Arnaldo de Monte et l’historiographie catalane},
  editor = {Piccat, Marco and Ramello, Laura},
  editortype = {dir.},
  publisher = {Edizioni dell’Orso},
  date = {2019},
  pages = {63–78},
  language = {it},
  booktitle = {L’Historia Turpini in Europa: ricerche e prospettive},
  address = {Alessandria},
  keywords = {chap}
}
@incollection{rucquoi2019-266,
  author = {Rucquoi, Adeline},
  title = {Pedro Ansúrez y Rodrigo Díaz de Vivar: una época y dos personajes},
  editor = {Val Valdivieso, María Isabel and Villanueva Zubizarreta, Olatz},
  editortype = {dir.},
  publisher = {Ayuntamiento de Valladolid},
  date = {2019},
  pages = {17–32},
  language = {es},
  booktitle = {Pero Ansúrez. El conde, su época y su memoria},
  address = {Valladolid},
  keywords = {chap}
}
@incollection{schmitt2019-267,
  author = {Schmitt, Jean-Claude},
  title = {Otto Gerhard Oexle (1939-2016)},
  editor = {Schlip, Thomas and Horch, Carline},
  editortype = {dir.},
  publisher = {Brepols},
  date = {2019},
  pages = {31–38},
  language = {de},
  booktitle = {Memoria – Erinnerungskultur – Historismus. Zum Gedenken an Otto Gerhard Oexle (28. August 1939 – 16. Mai 2016)},
  address = {Turnhout},
  keywords = {chap}
}
@incollection{schmitt2019-268,
  author = {Schmitt, Jean-Claude},
  title = {Cyprien Vignes (1824-1908)},
  editor = {Dumas Vialas, Marie-Lucy},
  editortype = {dir.},
  date = {2019},
  volume = {2},
  pages = {149–152},
  language = {fr},
  booktitle = {Vialas, de la Cévenne au Mont-Lozère, Le Filon des Anciens},
  keywords = {chap}
}
@incollection{schmitt2019-269,
  author = {Schmitt, Jean-Claude},
  title = {Materialität und Individualisierung im späten Mittelalter},
  editor = {Borso, Vittoria and Hülsen-Esch, Andrea},
  editortype = {dir.},
  publisher = {Walter De Gruyter},
  date = {2019},
  pages = {15–51},
  language = {de},
  booktitle = {Materielle Mediationen im französisch-deutschen Dialog},
  address = {Berlin et Boston},
  keywords = {chap}
}
@incollection{schmitt2019-270,
  author = {Schmitt, Jean-Claude},
  title = {Les deux corps de la Vierge. Réflexions sur les formes matérielles d’une médiation religieuse lors du Cirio de Nazaré à Bélem, le 13 octobre 2013},
  editor = {Borso, Vittoria and Hülsen-Esch, Andrea},
  editortype = {dir.},
  publisher = {De Gruyter},
  date = {2019},
  pages = {53–64},
  language = {de},
  booktitle = {Materielle Mediationen im französisch-deutschen Dialog},
  address = {Berlin et Boston},
  keywords = {chap}
}
@incollection{schmitt2019-271,
  author = {Schmitt, Jean-Claude},
  title = {L’obsession du calendrier},
  editor = {Clier-Colombani, Françoise and Genevois, Martine},
  editortype = {dir.},
  publisher = {L’Harmattan},
  date = {2019},
  pages = {171–173},
  language = {fr},
  booktitle = {Patrimoine légendaire et culture populaire : le gai savoir de Claude Gaignebet},
  address = {Paris},
  keywords = {chap}
}
@incollection{scioldozuercher2019-272,
  author = {Scioldo-Zürcher, Yann},
  title = {Retours et rapatriements. Pour une étude des politiques d’insertion des migrants nationaux},
  editor = {Scioldo-Zürcher, Yann and Hily, Marie-Antoinette and Ma-Mung, Emmanuel},
  editortype = {dir.},
  publisher = {Presses universitaires François Rabelais},
  date = {2019},
  pages = {233–252},
  language = {fr},
  booktitle = {Étudier les migrations internationales},
  address = {Tours},
  keywords = {chap}
}
@incollection{stanziani2019-273,
  author = {Stanziani, Alessandro},
  title = {Labour regime and Labour Mobility from the Seventeenth to the Twentieth Century},
  editor = {Roy, Tirthankar and Riello, Giorgio},
  editortype = {dir.},
  publisher = {Bloomsbury},
  date = {2019},
  pages = {175–195},
  language = {en},
  booktitle = {Global Economic History},
  address = {London},
  keywords = {chap}
}
@incollection{stanziani2019-274,
  author = {Stanziani, Alessandro},
  title = {Utilitarianism and the Question of Free Labour in Russia and India, Eighteenth-Nineteenth Centuries},
  editor = {Adelman, Jeremy},
  editortype = {dir.},
  publisher = {Bloomsbury},
  date = {2019},
  pages = {51–63},
  language = {en},
  booktitle = {Empire and the Social Sciences. Global Histories of Knowledge},
  address = {London},
  keywords = {chap}
}
@incollection{stanziani2019-275,
  author = {Stanziani, Alessandro},
  title = {Russia Economic History in Global Perspective},
  editor = {Middell, Matthias},
  editortype = {dir.},
  publisher = {Bloomsbury},
  date = {2019},
  pages = {115–137},
  language = {en},
  booktitle = {The Perspective of Global History},
  address = {London},
  keywords = {chap}
}
@incollection{steinberg2019-276,
  author = {Steinberg, Sylvie},
  title = {Le pouvoir féodal au féminin. Une évaluation à partir des rôles de ban et arrière-ban (France, XVIe-XVIIe siècle)},
  editor = {Guerrini, Maria Teresa and Lagioia, Vincenzo and Negruzzon, Simona},
  editortype = {dir.},
  publisher = {FrancoAngeli},
  date = {2019},
  pages = {241–257},
  language = {it},
  booktitle = {Nel Solco di Teodora. Pratiche, modelli e rappresentazioni del potere femminile dall’antico al contemporaneo},
  address = {Milan},
  keywords = {chap}
}
@incollection{steinberga2019-277,
  author = {Steinberg, Sylvie},
  title = {Les identités sexuées en questions (époque moderne)},
  editor = {Asquer, Enrica and Bellavitis, Anna and Calvi, Giulia and Chabot, Isabelle and La Rocca, Maria Cristina and Martini, Manuela},
  editortype = {dir.},
  publisher = {École française de Rome, 2019},
  pages = {301–322},
  language = {fr},
  booktitle = {Vingt-cinq ans après. Les femmes au rendez-vous de l’histoire},
  address = {Rome},
  date = {2019},
  keywords = {chap}
}
@incollection{stella2019-278,
  author = {Stella, Alessandro and Mazel, Florian and Tixier Du Mesnil, Emmanuelle},
  title = {Introduction. Contester au Moyen Âge : de la désobéissance à la révolte},
  publisher = {Éditions de la Sorbonne},
  date = {2019},
  pages = {11–44},
  language = {fr},
  booktitle = {Contester au Moyen Âge},
  doi = {10.4000/books.psorbonne.55192},
  url = {https://books.openedition.org/psorbonne/55192},
  address = {Paris},
  keywords = {chap}
}
@incollection{vincent2019-279,
  author = {Vincent, Bernard},
  title = {Conclusions},
  editor = {Sabatini, Gaetano and Ruiz Ibañez, José Javier},
  editortype = {dir.},
  publisher = {Fondo de Cultura Económica},
  date = {2019},
  pages = {319–329},
  language = {es},
  booktitle = {La inmaculada Concepción y la Monarquía Hispánica},
  address = {Madrid},
  keywords = {chap}
}
@incollection{vincent2019-280,
  author = {Vincent, Bernard},
  title = {La guerra de las Alpujarras},
  editor = {Díaz López, Julián Pablo and Gómez, Pedro Martínez and López, Bienvenido Marco and García, Alfonso Ruiz and Ramos, Valeriano Sánchez},
  editortype = {dir.},
  publisher = {Instituto de Estudios Almerienses},
  date = {2019},
  pages = {122–137},
  language = {es},
  booktitle = {Historia de Almeria, tomo III, Edad Moderna, Crisis, frontera y recuperación},
  address = {Almeria},
  keywords = {chap}
}
@incollection{vincent2019-281,
  author = {Vincent, Bernard},
  title = {Los Moriscos de Granada y la gracia del rey},
  editor = {López-Salazar, Ana Isabel and Moreno Díaz Campo, Francisco J.},
  editortype = {dir.},
  publisher = {Silex},
  date = {2019},
  pages = {85–122},
  language = {es},
  booktitle = {La Monarquía hispánica y las minorías, élites, poder e instituciones},
  address = {Madrid},
  keywords = {chap}
}
@incollection{vincent2019-282,
  author = {Vincent, Bernard},
  title = {Entre Cisneros y Talevera, las actuales polémicas sobre los moriscos},
  editor = {Cortijo Ocaña, Antonio and Amran, Rica},
  editortype = {dir.},
  date = {2019},
  pages = {168–173},
  language = {es},
  booktitle = {Jiménez de Cisneros : sus ideas y obras. Las minorías en España y en América (siglos XV-XVIII)},
  keywords = {chap}
}

%%%%%% ARTICLES D'ENCYCLOPÉDIE ET DE DICT 2019 %%%%%%

@incollection{baumgarten2019-283,
  author = {Baumgarten, Jean},
  title = {Melokhim-Bukh},
  publisher = {de Gruyter},
  date = {2019},
  pages = {5300},
  language = {en},
  booktitle = {Encyclopedia of the Bible and its Reception (EBR)},
  address = {Berlin},
  keywords = {artdictencyclo}
}
@incollection{goldberg2019-284,
  author = {Goldberg, Sylvie-Anne},
  title = {Course of the year},
  editor = {Diner, D.},
  publisher = {Brill},
  note = {2017-2021},
  date = {2019},
  volume = {2},
  language = {en},
  booktitle = {Encyclopedia of Jewish History and Culture},
  address = {Leyde},
  keywords = {artdictencyclo}
}
@incollection{goldberg2019-285,
  author = {Goldberg, Sylvie-Anne},
  title = {Death},
  editor = {Diner, D.},
  publisher = {Brill},
  note = {2017-2021},
  date = {2019},
  volume = {2},
  language = {en},
  booktitle = {Encyclopedia of Jewish History and Culture},
  address = {Leyde},
  keywords = {artdictencyclo}
}
@incollection{goldberg2019-286,
  author = {Goldberg, Sylvie-Anne},
  title = {Exile},
  editor = {Diner, D.},
  publisher = {Brill},
  note = {2017-2021},
  date = {2019},
  volume = {2},
  language = {en},
  booktitle = {Encyclopedia of Jewish History and Culture},
  address = {Leyde},
  keywords = {artdictencyclo}
}
@incollection{gueliane2019-287,
  author = {Gueliane, Nora},
  title = {Les nouveaux ksour du M’Zab, quels enseignements pour l’étude de l’urbain en Algérie ?},
  editor = {Direche, K.},
  publisher = {IRMC-Karthala},
  date = {2019},
  pages = {75–88},
  language = {fr},
  booktitle = {L’Algérie au présent. Entre résistances et changements},
  address = {Paris},
  keywords = {artdictencyclo}
}
@incollection{joly2019-288,
  author = {Joly, Laurent},
  title = {Travailler sur Vichy et la bureaucratie de la Shoah},
  editor = {Potin, Yann and Sirinelli, Jean-François},
  publisher = {CNRS Éditions},
  date = {2019},
  pages = {459–465},
  language = {fr},
  booktitle = {Générations historiennes, XIXe-XXIe siècle},
  address = {Paris},
  keywords = {artdictencyclo}
}
@online{mathis2019-289,
  author = {Mathis, Charles-François and Pépy, Emilie-Anne},
  organization = {Encyclopédie pour une histoire nouvelle de l’Europe},
  title = {La nature végétale dans les villes européennes},
  date = {2019-01},
  language = {fr},
  url = {https://ehne.fr/fr/node/12407},
  keywords = {artdictencyclo}
}
@incollection{naiweld2019-290,
  author = {Naiweld, Ron},
  title = {Pour qui travaille l’historien},
  editor = {Goldberg, Sylvie-Anne},
  publisher = {Albin Michel},
  date = {2019},
  pages = {95–115},
  language = {fr},
  booktitle = {Comment s’écrit l’histoire juive},
  address = {Paris},
  url = {https://hal.archives-ouvertes.fr/hal-02889160},
  HAL_id = {hal-02889160},
  HAL_version = {v1},
  keywords = {artdictencyclo}
}
@incollection{piron2019-291,
  author = {Piron, Sylvain},
  title = {Marguerite Porete},
  volume = {17},
  date = {2019},
  pages = {894–896},
  language = {en},
  booktitle = {Encyclopedia of the Bible and its Reception},
  keywords = {artdictencyclo}
}

%%%%%% COMPTE RENDUS 2019 %%%%%%

@article{piron2019-292,
  author = {Piron, Sylvain},
  title = {Compte rendu. Jérôme Lamy et Romain Roy (dir.), \textit{Pour une anthropologie historique de la nature}, Rennes, PUR, 2019},
  volume = {74},
  date = {2019},
  pages = {446–448},
  doi = {10.1017/ahss.2020.18},
  url = {https://www.cairn.info/revue-annales-2019-2-page-446.htm},
  language = {fr},
  journal = {Annales HSS},
  number = {2},
  keywords = {compterendu}
}
@article{delaurenti2019-293,
  author = {Delaurenti, Béatrice},
  title = {Compte rendu. Florence Chave-Mahir, Julien Véronèse, \textit{Rituel d’exorcisme ou manuel de magie ? Le manuscrit Clm 10085 de la Bayerische Staatsbibliothek de Munich (début du XVe siècle)}, Florence : Sismel, (Micrologus’ Library, 73), 2015},
  date = {2019},
  volume = {3/4},
  language = {fr},
  journal = {Le Moyen Âge},
  number = {CXXV},
  keywords = {compterendu}
}
@article{chartier2019-294,
  author = {Chartier, Roger},
  title = {Compte rendu. A. Bevilacqua et Frederic Clarke (dir.), \textit{Thinking the Past Tense : Eight Conversations} (Chicago, 2019},
  date = {2019},
  volume = {74},
  number = {2},
  pages = {429–431},
  doi = {10.1017/ahss.2020.11},
  url = {https://www.cairn.info/revue-annales-2019-2-page-427.htm },
  language = {en},
  journal = {Annales. Histoire, Sciences Sociales},
  keywords = {compterendu}
}
@article{baumgarten2019-295,
  author = {Baumgarten, Jean},
  title = {Compte rendu. Hasidim : \textit{A New History}, éd. par David Biale et als., Princeton, Princeton University Press, 2018},
  volume = {1},
  date = {2019},
  pages = {278–280},
  language = {fr},
  journal = {Revue des études juives},
  number = {2},
  keywords = {compterendu}
}
@article{baumgarten2019-296,
  author = {Baumgarten, Jean},
  title = {Compte rendu. Morris M. Faierstein, \textit{Truth Springs from the Earth, the Teachings of Rabbi Menahem Mendel of Kotsk, Eugene (Oregon)}, Pickwick Publications, 2018},
  volume = {3},
  date = {2019},
  pages = {489–491},
  language = {en},
  journal = {Revue des études juives},
  number = {4},
  keywords = {compterendu}
}
@online{boudjaabaa2019-297,
  author = {Boudjaaba, Fabrice}, 
  title = {Recension. Jeremy Hayhoe, \textit{Strangers and neighbours: Rural migration in Eighteenth Century Northern Burgundy in French History}},
  url = {https://academic.oup.com/fh/advance-articleabstract/doi/10.1093/fh/crz105/5651297?redirectedFrom=fulltext},
  language = {en},
  date = {2019},
  keywords = {compterendu}
}
@article{bruhns2019-298,
  author = {Bruhns, Hinnerk},
  title = {La these de doctorat "disparue" de Talcott Parsons, publiée 90 ans après sa soutenance », Talcott Parsons, \textit{Kapitalismus bei Max Weber – zur Rekonstruktion eines fast vergessenen Themas. Herausgegeben, eingeleitet und kommentiert von Uta Gerhardt}, Wiesbaden : Springer VS 2019 [2018]},
  volume = {34},
  date = {2019},
  pages = {285–288},
  language = {fr},
  journal = {Revue d’histoire des sciences humaines},
  keywords = {compterendu}
}
@article{bruhns2019-299,
  author = {Bruhns, Hinnerk},
  title = {Recension. Gangolf Hübinger (dir.), \textit{Max Weber Gesamtausgabe} II. Tome 1: \textit{Briefe 1875-1886} (éd. réalisée en collaboration avec Thomas Gerhards et Uta Hinz), Tübingen, J.C.B. Mohr (Paul Siebeck), 2017. Rita Aldenhoff-Hübinger (dir.), \textit{Max Weber Gesamtausgabe} II. Tome 2: \textit{Briefe 1887-1894} (éd. réalisée en collaboration avec Thomas Gerhards et Sybille Oßwald-Bargende), Tübingen, J.C.B. Mohr (Paul Siebeck) 2017},
  date = {2019},
  volume = {69},
  number = {1},
  pages = {1-6},
  url = {https://www.cairn.info/revue-l-annee-sociologique-2019-1-page-e1.htm},
  language = {fr},
  journal = {L'Année sociologique},
  keywords = {compterendu}
}
@article{bruhns2019-300,
  author = {Bruhns, Hinnerk},
  title = {M. I. Finley. \textit{An Ancient Historian and his Impact}. Edited by Daniel Jew, Robin Osborne, Michael Scott. Cambridge, Cambridge University Press, 2016, xviii, 333 pages, ISBN 978-1-107-14926-7},
  volume = {30},
  date = {2019},
  pages = {244–246},
  language = {en},
  journal = {Anabases},
  keywords = {compterendu}
}
@article{canal2019-301,
  author = {Canal, Jordi},
  title = {El reparto del pastel. Compte rendu. Borja de Riquer, Joan Lluís Pérez Francesch, Gemma Rubí, Lluís Ferran Toledano et Oriol Luján (dirs.), \textit{La corrupción política en la España contemporánea. Un enfoque interdisciplinar}, Madrid, Marcial Pons, 2018},
  pages = {245},
  date = {2019},
  language = {es},
  journal = {La Aventura de la Historia},
  keywords = {compterendu}
}
@article{canal2019-302,
  author = {Canal, Jordi},
  title = {Encuentros y desencuentros. Compte rendu. John H. Elliott, \textit{Catalanes y escoceses. Unión y discordia}, Barcelone, Taurus, 2018},
  date = {2019-03-25},
  url = {https://www.revistadelibros.com/resenas/john-h-elliott-catalanes-y-escoceses-union-y-discordia-jordi-canal?&utm_source=newsletter&utm_medium=email&utm_campaign=nl20190327},
  language = {es},
  journal = {Revista de Libros},
  keywords = {compterendu}
}
@article{canal2019-303,
  author = {Canal, Jordi},
  title = {Nacionalismo y "derechos históricos". Compte rendu. José M. Portillo Valdés, \textit{Entre tiros e historia. La constitución de la autonomía vasca (1976-1979)}, Barcelone, Galaxia Gutenberg, 2018},
  volume = {249},
  date = {2019},
  pages = {88},
  language = {es},
  journal = {La Aventura de la Historia},
  keywords = {compterendu}
}
@article{canal2019-304,
  author = {Canal, Jordi},
  title = {La guerra no es solo una cosa de hombres. Compte rendu. Manuel Santirso Rodríguez et Alberto Guerrero Martín, éd., \textit{Mujeres en la guerra y en los ejércitos}, Madrid, Los Libros de la Catarata, 2019},
  volume = {250},
  date = {2019},
  pages = {87},
  language = {es},
  journal = {La Aventura de la Historia},
  keywords = {compterendu}
}
@article{canal2019-305,
  author = {Canal, Jordi},
  title = {La historia continúa. Compte rendu. Georges Duby, \textit{œuvres}, Paris, Gallimard, 2019, et Guillermo el Mariscal, \textit{Madrid}, Alianza Editorial, 2019; Emmanuel Le Roy Ladurie, \textit{Montaillou}, aldea occitana, Madrid, Taurus, 2019, et Jean Delumeau, \textit{El Miedo en Occidente}, Madrid, Taurus, 2019},
  date = {2019-09-28},
  pages = {4},
  language = {es},
  journal = {El País-Babelia},
  keywords = {compterendu}
}
@article{canal2019-306,
  author = {Canal, Jordi},
  title = {¿Todos somos nacionalistas? Compte rendu. Ferran Archilés, éd., \textit{No sólo cívica. Nación y nacionalismo cultural español}, Valence, Tirant Humanidades, 2018; Jorge Cagiao y Conde, \textit{Micronacionalismos. ¿No seremos todos nacionalistas?}, Madrid, Los Libros de La Catarata, 2018; Xosé M. Núñez Seixas, \textit{Suspiros de España. El nacionalismo español, 1808-2018}, Barcelone, Crítica, 2018; Alejandro Quiroga et Ferran Archilés, éd., \textit{Ondear la nación. Nacionalismo banal en España}, Grénade, Comares, 2018; Eric Storm, \textit{La Construcción de identidades regionales en España}, Francia y Alemania, 1890-1939, Madrid, Ediciones Complutense, 2019},
  volume = {252},
  date = {2019},
  pages = {84–85},
  language = {es},
  journal = {La Aventura de la Historia},
  keywords = {compterendu}
}
@article{canal2019-307,
  author = {Canal, Jordi},
  title = {Compte rendu. Josep Antoni Duran Lleida, \textit{El riesgo de la verdad. Memoria de una pasión política: desde el final del franquismo al colapso del independentismo}, Barcelone, Planeta, 2019},
  volume = {64},
  date = {2019},
  pages = {99–103},
  language = {es},
  journal = {Cuadernos de pensamiento político},
  keywords = {compterendu}
}
@article{canal2019-308,
  author = {Canal, Jordi},
  title = {Una oportunidad perdida. Compte rendu : de Pierre Serna, \textit{Como animales. Historia política de los animales durante la Revolución francesa (1750-1840)}, Saragosse, Prensas de la Universidad de Zaragoza, 2019},
  volume = {253},
  date = {2019},
  pages = {86},
  language = {es},
  journal = {La Aventura de la Historia},
  keywords = {compterendu}
}
@article{canal2019-309,
  author = {Canal, Jordi},
  title = {El poder curva el tiempo. Compte rendu. Christopher Clark, \textit{Tiempo y poder. Visiones de la historia, desde la guerra de los Treinta Años hasta el Tercer Reich}, Barcelone, Galaxia Gutenberg, 2019},
  date = {2019-11-23},
  pages = {6},
  language = {es},
  journal = {El País-Babelia},
  keywords = {compterendu}
}
@article{delaurenti2019-310,
  author = {Delaurenti, Béatrice},
  title = {Compte rendu. Joëlle Ducos et Christopher Lucken (éd.), \textit{Richard de Fournival et les sciences au XIIIe siècle}, Florence : Sismel-Edizioni del Galluzzo (Micrologus Library, 88), 2018},
  volume = {26},
  date = {2019},
  pages = {186–189},
  language = {es},
  journal = {Revista Española de Filosofía Medieval},
  number = {2},
  keywords = {compterendu}
}
@article{green2019-311,
  author = {Green, Nancy L.},
  title = {Compte rendu. Eric T. Jennings, \textit{Escape from Vichy: The Refugee Exodus to the French Caribbean}},
  volume = {91},
  date = {2019-06},
  pages = {455–457},
  language = {en},
  journal = {Journal of Modern History},
  number = {2},
  keywords = {compterendu}
}
@article{grevsmuehl2019-312,
  author = {Grevsmühl, Sebastian V.},
  title = {A propos de : Katrin Jordan, \textit{Ausgestrahlt: Die mediale Debatte um "Tschernobyl" in der Bundesrepublik und in Frankreich 1986/87}, Göttingen, Wallstein Verlag, 2018, 424p},
  volume = {3},
  date = {2019},
  pages = {190–192},
  language = {de},
  journal = {Le Mouvement Social},
  number = {268},
  doi = {10.3917/lms.268.0173},
  url = {https://hal.archives-ouvertes.fr/hal-02454328},
  HAL_id = {hal-02454328},
  HAL_version = {v1},
  keywords = {compterendu}
}
@article{herment2019-313,
  author = {Herment, Laurent},
  title = {Compte rendu. Georg Fertig (ed.), \textit{Social Networks, Political Institutions, and Rural Society, Rurla History in Europe}, volume 11, Turnhout Brepols, 2015, 310 pages},
  date = {2019},
  language = {en},
  journal = {Annales. Histoire, Sciences Sociales},
  keywords = {compterendu}
}
@article{herment2019-314,
  author = {Herment, Laurent},
  title = {Compte rendu. Sylvain Brunier, \textit{Le Bonheur dans la modernité. Conseillers agricoles et agriculteurs (1945-1985)}, ENS éditions, Paris, 2018},
  date = {2019},
  volume = {37},
  url = {https://histoire-politique.fr/index.php?numero=37&rub=comptes-rendus&item=708.},
  language = {fr},
  journal = {Histoire\@Politique},
  keywords = {compterendu}
}
@article{herment2019-315,
  author = {Herment, Laurent},
  title = {Compte rendu de la thèse de Romain Trichereau. \textit{Analyse du processus d'une prise de décision : Napoléon III et le traité de commerce franco-britannique de 1860}},
  date = {2019},
  volume = {4},
  pages = {145–149},
  language = {fr},
  journal = {},
  keywords = {compterendu}
}
@article{kriegel2019-316,
  author = {Kriegel, Maurice},
  note = {Compte rendu. En ligne},
  title = {Christine Orobigt, \textit{Le Sang en Espagne. Trésor de vie, vecteur de l’être XVe-XVIIIe siècles}, Aix-en-Provence, Presses Universitaires de Provence, 2018},
  volume = {49},
  number = {2},
  date = {2019},
  language = {fr},
  journal = {Mélanges de la Casa de Velazquez},
  keywords = {compterendu}
}
@article{lerouxth2019-317,
  author = {Le Roux, Thomas},
  title = {Recension. Frédéric Graber et Martin Giraudeau (dir.), Les projets. Une histoire politique (XVIe – XXIe siècles), Paris, Presses de Mines, 2018},
  date = {2019},
  note = {En ligne],},
  url = {https://lms.hypotheses.org/6719},
  language = {fr},
  journal = {Le Carnet du Mouvement Social},
  volume = {11},
  keywords = {compterendu}
}
@article{lerouxth2019-318,
  author = {Le Roux, Thomas},
  title = {Recension. Gérard Chastagnaret, \textit{De fumées et de sang. Pollution minière et massacre de masse, Andalousie-XIXe siècle}, Madrid, Casa de Velázquez, 2017},
  date = {2019-07-22},
  url = {https://lms.hypotheses.org/6187},
  language = {fr},
  journal = {Le Carnet du Mouvement Social},
  keywords = {compterendu}
}
@article{lerouxth2019-319,
  author = {Le Roux, Thomas},
  title = {Recension. Chad Montrie, \textit{The Myth of Silent Spring. Rethinking the Origins of American Environmentalism}, Oakland, University of California Press, 2018},
  date = {2019},
  pages = {133–135},
  language = {en},
  journal = {Le Mouvement Social},
  number = {266},
  keywords = {compterendu}
}
@article{lerouxfl2019-320,
  author = {Leroux, Flavie},
  title = {Recension. Boris Bove, Murielle Gaude-Ferragu, Cédric Michon (dir.), \textit{Paris, ville de cour. XIIIe-XVIIIe siècle}},
  volume = {3},
  date = {2019},
  url = {https://journals.ub.uni-heidelberg.de/index.php/frrec/article/view/66317/59339},
  language = {fr},
  journal = {Francia-Recensio},
  keywords = {compterendu}
}
@article{lerouxfl2019-321,
  author = {Leroux, Flavie},
  title = {Recension. Fabrice Micaleff, \textit{Le Bâtard royal. Henri d’Angoulême dans l’ombre des Valois (1551-1586)}},
  number = {3},
  date = {2019},
  pages = {168–169},
  language = {fr},
  journal = {Revue d’Histoire Moderne et Contemporaine},
  volume = {66},
  keywords = {compterendu}
}
@article{malaprade2019-322,
  author = {Malaprade, Sébastien},
  title = {Compte rendu. Ramón Lanza García (coord.), \textit{Las instituciones económicas, las finanzas públicas y el declive de España en la Edad moderna}},
  publisher = {UAM ediciones},
  date = {2019},
  language = {fr},
  volume = {66},
  number = {4},
  doi = {10.3917/rhmc.664.0170},
  url = {https://www.cairn.info/revue-d-histoire-moderne-et-contemporaine-2019-4-page-170.htm},
  journal = {Revue d’Histoire moderne et contemporaine},
  address = {Madrid},
  keywords = {compterendu}
}
@article{malaprade2019-323,
  author = {Malaprade, Sébastien},
  title = {Compte rendu. Alain Hugon, \textit{La grande migration, De l’Espagne à l’Amérique 1492-1700}, Paris, Vendémiaire, 2019},
  date = {2019-06-20},
  language = {fr},
  journal = {En attendant Nadeau},
  keywords = {compterendu}
}
@article{mano2019-324,
  author = {Mano, Davide},
  title = {Danny Trom, \textit{Persévérance du fait juif}},
  volume = {84},
  date = {2019},
  pages = {339–341},
  language = {fr},
  journal = {Rassegna Mensile di Israel},
  number = {1},
  keywords = {compterendu}
}
@article{mignemi2019-325,
  author = {Mignemi, Niccolò},
  title = {Compte rendu de l’ouvrage de Jean-Marc Moriceau et Philippe Madeline (dir.), \textit{Les petites gens de la terre. Paysans, ouvriers et domestiques (Moyen Âge-XXIe siècle)}, Caen, Presses universitaires de Caen/MRSH, 2017},
  volume = {79},
  date = {2019},
  pages = {243–246},
  language = {fr},
  journal = {Historia Agraria},
  keywords = {compterendu}
}
@article{roullet2019-326,
  author = {Roullet, Antoine},
  title = {Compte rendu. Christine Orobitg, \textit{Le Sang en Espagne. Trésor de vie, vecteur de l’être. XVe-XVIIIe siècle}, Aix, Presses universitaires de Provence, 2018, 422 p},
  volume = {15},
  date = {2019},
  language = {fr},
  journal = {Histoire, médecine et santé},
  keywords = {compterendu}
}
@article{roullet2019-327,
  author = {Roullet, Antoine},
  title = {Compte rendu. Monica Martinat, \textit{773 Vies, itinéraires de convertis au XVIIe siècle}, Lyon, Presses Universitaires de Lyon ("Faits de religion", IV), 2018, 242 p},
  date = {2019},
  language = {fr},
  journal = {Revue d'histoire des religions},
  keywords = {compterendu}
}
@article{roullet2019-328,
  author = {Roullet, Antoine},
  title = {Compte rendu. Éric Suire, \textit{Les Vies de Jésus avant Renan}, Genève, Droz, "Cahiers d’Humanisme et de Renaissance", n° 144, sous collection Ad Deum, n°4, 2017, 317 p},
  date = {2019},
  language = {fr},
  journal = {Revue d'histoire des religions},
  keywords = {compterendu}
}
@article{rucquoi2019-329,
  author = {Rucquoi, Adeline},
  title = {\textit{Les grandes heures de Notre-Dame du Bourg de Rabastens, catalogue de l’exposition du Musée du Pays Rabastinois, 1 juin - 30 novembre 2018}, texte et fiches de Pierre Funk, commisaire, Rabastens, Mairie de Rabastens, 2018, 207 p},
  volume = {X},
  date = {2019},
  pages = {183–185},
  language = {fr},
  journal = {Ad Limina},
  keywords = {compterendu}
}
@article{rucquoi2019-330,
  author = {Rucquoi, Adeline and Pazos, Antón M.},
  title = {\textit{La Renovación de las peregrinaciones a Santiago de Compostela en el siglo XIX : entre tradición y modernidad}, Santiago de Compostela, Monografías de Cuadernos de Estudios Gallegos 16, 2017, 216 p.},
  date = {2019},
  pages = {25},
  volume = {114},
  number = {3-4},
  language = {es},
  address = {Santiago de Compostela},
  journal = {Monografías de Cuadernos de Estudios Gallegos},
  keywords = {compterendu}
}
@article{rucquoi2019-331,
  author = {Rucquoi, Adeline},
  title = {Alexandre Giunta, \textit{Les Francos dans la vallée de l’Èbre (XIe-XIIe siècles)}, Toulouse, Presses Universitaires du Midi, Méridiennes, 2017, 564 p},
  volume = {240},
  number = {bis},
  date = {2019},
  pages = {478–481},
  language = {fr},
  journal = {Cahiers de Civilisation Médiévale},
  keywords = {compterendu}
}
@article{tatoueix2019-332,
  author = {Tatoueix, Laura},
  title = {\textit{Raconter la douleur. La souffrance en Europe (XVIIe-XVIIIe siècles)} sous la dir. de Marilina Gianico},
  publisher = {University of Toronto Press},
  volume = {36},
  date = {2019},
  pages = {236–237},
  language = {fr},
  journal = {Bulletin canadien d’histoire de la médecine},
  number = {1},
  address = {Toronto},
  keywords = {compterendu}
}
@article{wilmart2019-333,
  author = {Wilmart, Mickaël},
  title = {Compte rendu. Catherine Verna, \textit{L’Industrie au village. Essai de micro-histoire (Arles-sur-Tech, XIVe et XVe siècles)}, Paris, Les Belles Lettres, 2017},
  volume = {52},
  date = {2019},
  pages = {220–222},
  language = {fr},
  journal = {Histoire et sociétés rurales},
  number = {2},
  keywords = {compterendu}
}
@article{wilmart2019-334,
  author = {Wilmart, Mickaël},
  title = {Compte rendu. Serge Brunet, \textit{Les églises de la Terre. Les communautés paysannes du Val d’Aran et des Pyrénées centrales, XIIIe-XVIIe siècle}, Toulouse, Privat, 2018},
  volume = {188},
  date = {2019},
  pages = {285–286},
  language = {fr},
  journal = {Archives de sciences sociales des religions},
  keywords = {compterendu}
}
@article{wilmart2019-335,
  author = {Wilmart, Mickaël},
  title = {Compte rendu. Oliver Jens Schmitt, \textit{Korčula sous la domination de Venise au XVe siècle. Pouvoir, économie et vie quotidienne dans une île dalmate au Moyen Âge tardif}},
  date = {2019},
  url = {http://journals.openedition.org/lectures/37130},
  language = {fr},
  journal = {Lectures},
  keywords = {compterendu}
}
@article{wilmart2019-336,
  author = {Wilmart, Mickaël},
  title = {Compte rendu. Guilhem Ferrand, Judicaël Petrowiste (dir.), \textit{Le nécessaire et le superflu. Le paysan consommateur. Actes des 36e Journées internationales d’histoire de l’abbaye de Flaran, 17 et 18 octobre 2014}, Toulouse, Presses universitaires du Midi, 2019},
  date = {2019},
  url = {https://journals.ub.uni-heidelberg.de/index.php/frrec/article/view/68307/62010},
  language = {fr},
  journal = {Francia-Recensio},
  volume = {4},
  keywords = {compterendu}
}

%%%%%% AUTRES 2019 %%%%%%

@misc{muchnik2019-621,
  title = {L'Europe au temps des diasporas},
  author = {Muchnik, Natalia and Monge, Mathilde},
  note = {billet du carnet de recherche "Mondes Sociaux. Magazine de Sciences Humaines et Sociales", \url{https://halshs.archives-ouvertes.fr/halshs-02148950}},
  date = {2019-05-20},
  url = {https://sms.hypotheses.org/19592},
  HAL_id = {halshs-02148950},
  HAL_version = {v1},
  language = {fr},
  keywords = {autre, autrecarnet}
}
@misc{dumenieu2019-337,
  author = {Duménieu, Bertrand and Chadeyron, Julien and Cristofoli, Pascal and Perret, Julien and Baciocchi, Stéphane},
  title = {Engraved Footprints from the Past. Retrieving cartographic geohistorical data from the Cassini Carte de France, 1750-1789, 29th International Cartographic Conference, Tokyo, Japan, 15–20 July 2019-V1},
  date = {2019-06-17},
  note = {poster en collaboration avec S. Gomis, M. Gribaudi, I. Langlois, C. Motte and M.-C. Vouloir},
  HAL_version = {v1},
  language = {en},
  url = {https://hal.archives-ouvertes.fr/hal-02173847},
  pdf = {https://hal.archives-ouvertes.fr/hal-02173847/file/Planche_52__Tokyo___V2_.pdf},
  HAL_id = {hal-02173847},
  keywords = {autre, poster}
}
@misc{baciocchi2019-338,
  author = {Baciocchi, Stéphane and Abadie, Nathalie and Boivin, Pierre and Chadeyron, Julien and Cristofoli, Pascal and Delaveau, Jean-Michel and Duménieu, Bertrand and Gomis, Stéphane and Gribaudi, Maurizio and Langlois, Isabelle and Motte, Claude and Perret, Julien and Vouloir, Marie-Christine},
  title = {Reconstruction et édition critique de la planche n°52 de la "Carte de France" dite de Cassini, 1756-1777, 2016-2019},
  date = {2019-07},
  doi = {10.25721/65a8-5q97},
  url = {https://didomena.ehess.fr/concern/data_sets/r781wg41t?locale=fr},
  language = {fr},
  address = {Paris and Saint-Mandé and Clermont-Ferrand},
  keywords = {autre, autrenet}
}
@online{backouche2019-339,
  author = {Backouche, Isabelle},
  title = {Réalisation de deux posdcasts pour mettre en sons le bâtiment de la société Leboncoin, Les multiples vies d’un grand magasin des faubourgs (1900-1945)},
  note = {Disponibles sur la webapp, https://passe-ici.fr/. La totalité des balades sonores est présentée sur le site de l'association},
  url = {https://www.faire-savoirs.com/},
  language = {fr},
  date = {2019},
  keywords = {autre, autrenet}
}
@misc{gribaudi2019-604,
  type = {Videos},
  title = {La feuille 52 de la carte de Cassini : édition et valorisation - introduction},
  author = {Gribaudi, Maurizio and Gomis, Stéphane and Luis, Jean-Philippe and Fayet, Eric},
  date = {2019-01},
  url = {https://hal.uca.fr/hal-03145219},
  HAL_id = {hal-03145219},
  HAL_version = {v1},
  language = {fr},
  keywords = {autre, video}
}
@misc{baciocchi2019-904,
  type = {Videos},
  title = {La feuille 52 de la carte de Cassini : édition - présentation},
  author = {Baciocchi, Stéphane and Dumenieu, Bertrand and Motte, Claude and Fayet, Eric},
  url = {https://hal.uca.fr/hal-03149633},
  date = {2019-01},
  HAL_id = {hal-03149633},
  HAL_version = {v1},
  language = {fr},
  keywords = {autre, video}
}
@inproceedings{anheim2019-967,
  title = {Revealing the materials and production techniques of european historical copper-based seal matrices},
  author = {Anheim, Etienne and Castelle, Manon and Vega, Enrique and Dillmann, Philippe and Blanc, Clément and Vilain, Ambre and Chastang, Pierre},
  booktitle = {Archaeometallurgy in Europe 2019},
  address = {Miskolc, Hungary},
  date = {2019-06},
  url = {https://hal-cea.archives-ouvertes.fr/cea-02328229},
  pdf = {https://hal-cea.archives-ouvertes.fr/cea-02328229/file/Castelle_ArchaeoMet2019.pdf},
  HAL_id = {cea-02328229},
  HAL_version = {v1},
  language = {fr},
  keywords = {autre, autrecom}
}
@inproceedings{polodebeaulieu2019-647,
  title = {La prédication comme performance aux derniers siècles du Moyen Age (13e-15e siècles)},
  author = {Polo De Beaulieu, Marie Anne},
  booktitle = {Congrès international de Valencia, Acadèmia valenciana de la llengua, Vicent Ferrer: Projecció europea d'un sant valencià},
  address = {Valence},
  date = {2019-10},
  url = {https://hal.archives-ouvertes.fr/hal-02924698},
  HAL_id = {hal-02924698},
  HAL_version = {v1},
  language = {fr},
  keywords = {autre, autrecom}
}
@inproceedings{brando2019-602,
  title = {Valorisation de récits de vie de Républicains espagnols},
  author = {Brando, Carmen and Domingues, Catherine and Jolivet, Laurence},
  booktitle = {Atelier DAHLIA in EGC2019},
  address = {Metz},
  date = {2019-01},
  url = {https://halshs.archives-ouvertes.fr/halshs-02344485},
  pdf = {https://halshs.archives-ouvertes.fr/halshs-02344485/file/Domingues_al-2019-atelier_DAHLIA2019_actes-88-90.pdf},
  HAL_id = {halshs-02344485},
  HAL_version = {v1},
  language = {fr},
  keywords = {autre, autrecom}
}
@misc{brando2019-340,
  title = {Adapting a system for Named Entity Recognition and Linking for 19th century French Novels},
  author = {Brando, Carmen and Soudani, Aicha and Meherzi, Yosra and Bouhafs, Asma and Frontini, Francesca and Dupont, Yoann and Mélanie-Becquet, Frédérique},
  note = {poster},
  howpublished = {Digital Humanities 2019},
  date = {2019-07},
  address = {Utrecht},
  language = {en},
  organization = {Utrecht University},
  url = {https://hal.archives-ouvertes.fr/hal-02187283},
  pdf = {https://hal.archives-ouvertes.fr/hal-02187283/file/2019_DH_SEM%2BREDEN-Poster_%20904.pdf},
  HAL_id = {hal-02187283},
  HAL_version = {v1},
  keywords = {autre, poster}
}
@article{bruhhs2019-341,
  translator = {Bruhns, Hinnerk},
  author = {Anter, Andreas},
  title = {Max Weber et la Loi fondamentale allemande},
  volume = {57},
  date = {2019},
  pages = {77–103},
  language = {fr},
  journal = {Revue européenne des sciences sociales},
  doi = {doi.org/10.4000/ress.4988},
  url = {https://journals.openedition.org/ress/4988},
  number = {1},
  keywords = {trad}
}
@article{claire2019-342,
  author = {Ibos, Caroline},
  translator = {Claire, Elisabeth},
  title = {The ethics and politics of le care. A cartography of the analytical category},
  volume = {49},
  publisher = {PUF-Belin},
  date = {2019},
  language = {en},
  journal = {Clio. Women, Gender, History},
  number = {2},
  address = {Paris},
  keywords = {autre, trad}
}
@misc{dittmar2019-343,
  author = {Dittmar, Pierre-Olivier},
  title = {Réalisation avec la DSI de l’EHESS et Elise Haddad de la nouvelle version du Thésaurus des Images Médiévales en Ligne},
  url = {https://datu.ehess.fr/timel/fr/},
  language = {fr},
  date = {2019},
  keywords = {autre, autrenet}
}
@online{gueliane2019-344,
  author = {Gueliane, Nora},
  title = {Qu’est-ce qu’un ksar pour un Mozabite ?},
  date = {2019},
  url = {https://cjb.hypotheses.org/698},
  language = {fr},
  journal = {Le carnet du Centre Jacques Berque},
  keywords = {autre, autrecarnet}
}
@online{lerouxfl2019-345,
  author = {Leroux, Flavie},
  title = {Base « Visiteurs de Versailles »},
  note = {Publiée en octobre 2019 parmi les ressources en ligne du Centre de recherche du château de Versailles},
  url = {http://www.chateauversailles-recherche-ressources.fr/jlbweb/jlbWeb?html=accueil},
  language = {fr},
  date = {2019},
  keywords = {autre, autrenet}
}
@Report{lerouxfl2019-346,
  author      = {Leroux, Flavie},
  title       = {Rapports d’activités},
  type        = {resreport},
  institution = {Programme de recherche "Identités curiales et le mythe de Versailles en Europe"},
  date        = {2019},
  language    = {fr},
  journal     = {Carnet Hypothèse du Centre de recherche du château de Versailles},
  keywords    = {autre, autrerapport},
}
@book{rucquoi2019-347,
  author = {Rucquoi, Adeline},
  title = {Valladolid y el conde Ansúrez, Ego comes Petrus. Pedro Ansúrez, caballero leal 1118-2018, Catalogue de l’exposition (27 nov. 2018 - 30 mai 2019},
  publisher = {Archivo Municipal de Valladolid},
  date = {2019},
  pages = {29–34},
  language = {es},
  address = {Valladolid},
  keywords = {autre, autrexpo}
}

%%%%%% VULGARISATION 2019 %%%%%%

@article{backouche2019-348,
  author = {Backouche, Isabelle},
  title = {Quand deux chercheuses font revivre les voix du passé},
  volume = {349},
  date = {2019},
  language = {fr},
  journal = {Espaces. Tourisme et loisirs},
  keywords = {vulgarisation, vulgarisationmag}
}
@online{backouche2019-349,
  author = {Backouche, Isabelle},
  title = {Les Halles déménagent à Rungis},
  note = {entretien avec Julia Bellot},
  organization = {La revue l’Histoire},
  date = {2019-02-27},
  url = {https://www.lhistoire.fr/%C3%A9ph%C3%A9m%C3%A9ride-entretien/27-f%C3%A9vrier-1969%C2%A0-les-halles-d%C3%A9m%C3%A9nagent-%C3%A0-rungis},
  language = {fr},
  keywords = {vulgarisation, vulgarisationitw}
}
@article{backouche2019-350,
  author = {Backouche, Isabelle},
  title = {Paris sous les eaux : le gouvernement mobilisé},
  date = {2019-11},
  language = {fr},
  journal = {Les Collections de l’Histoire},
  keywords = {vulgarisation, vulgarisationmag}
}
@misc{beaur2019-351,
  author = {Béaur, Gérard},
  title = {Agriculture : le grand malaise ?},
  note = {« Ça vous regarde », débat sur la Chaîne parlementaire (LCP), avec Myriam Encaoua},
  date = {2019-02-21},
  language = {fr},
  keywords = {vulgarisation, vulgarisationtv}
}
@article{bortz2019-352,
  author = {Bortz, Olof},
  title = {Förintelsen och det byråkratiska våldets historia},
  volume = {62–63},
  date = {2019},
  pages = {99–103},
  language = {fr},
  journal = {Fronesis},
  keywords = {vulgarisation, vulgarisationmag}
}
@article{bortz2019-353,
  author = {Bortz, Olof},
  title = {Därför är det amerikanska imperiet en dold historia [L'histoire occultée de l'Empire americain]},
  date = {2019-12-02},
  language = {de},
  journal = {Dagens Nyheter},
  keywords = {vulgarisation, vulgarisationjournal}
}
@article{canal2019-354,
  author = {Canal, Jordi},
  title = {Gli storici e il processo indipendentista in Catalogna},
  volume = {1},
  date = {2019},
  pages = {83–90},
  language = {it},
  journal = {Il Mulino},
  doi = {10.1402/92622},
  number = {19},
  keywords = {vulgarisation, vulgarisationmag}
}
@article{canal2019-355,
  author = {Canal, Jordi},
  title = {La monarquía en la España contemporánea},
  volume = {247},
  date = {2019},
  pages = {12–13},
  language = {es},
  journal = {La Aventura de la Historia},
  keywords = {vulgarisation, vulgarisationmag}
}
@article{canal2019-356,
  author = {Canal, Jordi},
  title = {¿Historias mundiales?},
  volume = {suppl. Babelia},
  date = {2019-05-18},
  pages = {14},
  language = {es},
  journal = {El País},
  keywords = {vulgarisation, vulgarisationjournal}
}
@article{canal2019-357,
  author = {Canal, Jordi},
  title = {La otra transición del Rey},
  volume = {suppl. Ideas},
  date = {2019-06-02},
  pages = {3},
  language = {es},
  journal = {El País},
  keywords = {vulgarisation, vulgarisationjournal}
}
@article{canal2019-358,
  author = {Canal, Jordi},
  title = {La Monarquía de mañana},
  date = {2019-06-19},
  language = {es},
  journal = {El Mundo},
  keywords = {vulgarisation, vulgarisationjournal}
}
@article{canal2019-359,
  author = {Canal, Jordi},
  title = {El último gran gaullista},
  date = {2019-09-27},
  pages = {7},
  language = {es},
  journal = {El País},
  keywords = {vulgarisation, vulgarisationjournal}
}
@article{cerutti2019-360,
  author = {Cerutti, Simona},
  title = {Entretien},
  issuetitle = {L’Hospitalité},
  volume = {196},
  date = {2019-09},
  pages = {32–35},
  language = {fr},
  journal = {Diversité},
  keywords = {vulgarisation, vulgarisationitw}
}
@online{cohen2019-361,
  author = {Cohen, Yves},
  title = {Les "gilets jaunes" parmi les mouvements sans leader des années 2010},
  date = {2019-02-21},
  url = {https://aoc.media/analyse/2019/02/21/gilets-jaunes-parmi-mouvements-leader-annees-2010},
  language = {fr},
  organization = {AOC media},
  keywords = {vulgarisation, vulgarisationnet}
}
@article{fressoz2019-362,
  author = {Fressoz, Jean-Baptiste},
  title = {Nous n’avons jamais brûlé autant de charbon, de pétrole, de gaz et de bois},
  date = {2019-12-27},
  language = {fr},
  journal = {Télérama},
  keywords = {vulgarisation, vulgarisationjournal}
}
@article{fressoz2019-363,
  author = {Fressoz, Jean-Baptiste},
  title = {Les énergies fossiles sont liées à des projets de domination politique},
  date = {2019-12-09},
  language = {fr},
  journal = {Socialter},
  keywords = {vulgarisation, vulgarisationmag}
}
@article{fressoz2019-364,
  author = {Fressoz, Jean-Baptiste},
  title = {Réparer la nature},
  date = {2019-11-05},
  language = {fr},
  journal = {L’Humanité},
  keywords = {vulgarisation, vulgarisationjournal}
}
@article{fressoz2019-365,
  author = {Fressoz, Jean-Baptiste},
  title = {Retour à Rouen},
  date = {2019-10-23},
  language = {fr},
  journal = {Le 1},
  keywords = {vulgarisation, vulgarisationjournal}
}
@article{fressoz2019-366,
  author = {Fressoz, Jean-Baptiste},
  title = {Bruno Le Maire et le loto de l’innovation de rupture},
  date = {2019-12-11},
  language = {fr},
  journal = {Le Monde},
  keywords = {vulgarisation, vulgarisationjournal}
}
@article{fressoz2019-367,
  author = {Fressoz, Jean-Baptiste},
  title = {Brexit : "Les illusions des responsables politiques sur l’innovation"},
  date = {2019-11-06},
  journal = {Le Monde},
  language = {fr},
  keywords = {vulgarisation, vulgarisationjournal}
}
@article{fressoz2019-368,
  author = {Fressoz, Jean-Baptiste},
  title = {Les réfugiés climatiques ont bon dos},
  date = {2019-10-02},
  language = {fr},
  journal = {Le Monde},
  keywords = {vulgarisation, vulgarisationjournal}
}
@article{fressoz2019-369,
  author = {Fressoz, Jean-Baptiste},
  title = {Rationner le transport est beaucoup plus démocratique qu’augmenter les taxes sur le CO2},
  date = {2019-08-28},
  language = {fr},
  journal = {Le Monde},
  keywords = {vulgarisation, vulgarisationjournal}
}
@article{fressoz2019-370,
  author = {Fressoz, Jean-Baptiste},
  title = {Les racines historiques de la collapsologie},
  date = {2019-07-23},
  language = {fr},
  journal = {Le Monde},
  keywords = {vulgarisation, vulgarisationjournal}
}
@article{fressoz2019-371,
  author = {Fressoz, Jean-Baptiste},
  title = {Duel à coup de gourdin},
  date = {2019-06-12},
  language = {fr},
  journal = {Le Monde},
  keywords = {vulgarisation, vulgarisationjournal}
}
@article{fressoz2019-372,
  author = {Fressoz, Jean-Baptiste},
  title = {Faut-il prendre l’avion pour devenir savant ?},
  date = {2019-04-03},
  language = {fr},
  journal = {Le Monde},
  keywords = {vulgarisation, vulgarisationjournal}
}
@article{fressoz2019-373,
  author = {Fressoz, Jean-Baptiste},
  title = {Des insectes et des larmes},
  date = {2019-02-27},
  language = {fr},
  journal = {Le Monde},
  keywords = {vulgarisation, vulgarisationjournal}
}
@article{fressoz2019-374,
  author = {Fressoz, Jean-Baptiste},
  title = {Fin de partie pour les pétrodollars ?},
  date = {2019-01-29},
  language = {fr},
  journal = {Le Monde},
  keywords = {vulgarisation, vulgarisationjournal}
}
@misc{fressoz2019-375,
  author = {Fressoz, Jean-Baptiste},
  title = {L’Homme a mangé la terre},
  note = {film documentaire diffusé sur Arte},
  date = {2019-05},
  language = {fr},
  keywords = {vulgarisation, vulgarisationtv}
}
@article{green2019-376,
  author = {Green, Nancy L.},
  title = {Deux façons d’être juif dans la mode : La confection à Paris},
  volume = {176},
  date = {2019},
  pages = {37–39},
  language = {fr},
  journal = {Tenou’a},
  keywords = {vulgarisation, vulgarisationmag}
}
@online{green2019-377,
  author = {Green, Nancy L.},
  title = {AHA Member Spotlight : Nancy L. Green},
  volume = {October 18},
  note = {entretien avec Matthew Keough},
  date = {2019},
  url = {https://www.historians.org/publications-and-directories/perspectives-on-history/october-2019/aha-member-spotlight-nancy-l-green},
  language = {en},
  organization = {Perspectives on History},
  keywords = {vulgarisation, vulgarisationitw}
}
@article{grevin2019-378,
  author = {Grévin, Benoît},
  title = {Cola di Rienzo. Le notaire qui se rêvait empereur},
  volume = {466},
  date = {2019-12},
  pages = {70–75},
  language = {fr},
  journal = {L’Histoire},
  keywords = {vulgarisation, vulgarisationmag}
}
@article{grevin2019-379,
  author = {Grévin, Benoît},
  title = {L’Italie, creuset des savoirs méditerranéens},
  volume = {1123},
  date = {2019},
  issuetitle = {L’Italie, inspirée, inspirante},
  pages = {14–18},
  language = {fr},
  journal = {TDC},
  keywords = {vulgarisation, vulgarisationmag}
}
@article{joly2019-380,
  author = {Joly, Laurent},
  title = {La rafle du Vél’ d’Hiv. L’État collabore, la police hésite},
  volume = {83},
  date = {2019},
  pages = {70–73},
  language = {fr},
  journal = {Les collections de L’Histoire},
  keywords = {vulgarisation, vulgarisationmag}
}
@article{joly2019-381,
  author = {Joly, Laurent},
  title = {Vichy, les nazis et la persécution des Juifs, Paris},
  volume = {52},
  date = {2019},
  pages = {55},
  language = {fr},
  journal = {Les Études du CRIF},
  keywords = {vulgarisation, vulgarisationmag}
}
@article{lerouxth2019-382,
  author = {Le Roux, Thomas},
  title = {Villes et industrie : le divorce est-il souhaitable ?},
  date = {2019-11-25},
  language = {fr},
  journal = {Libération},
  keywords = {vulgarisation, vulgarisationjournal}
}
@article{lerouxth2019-383,
  author = {Le Roux, Thomas},
  title = {En 1770, déjà à Rouen, la première grande pollution industrielle chimique en France...},
  date = {2019-10-02},
  language = {fr},
  journal = {Le Monde},
  keywords = {vulgarisation, vulgarisationjournal}
}
@online{lerouxth2019-384,
  author = {Le Roux, Thomas},
  title = {Approaching Waste through Environmental History: An Interview with Thomas Le Roux},
  organization = {EuropeNow, édition spéciale "Confronting Waste"},
  date = {2019-05},
  url = {https://www.europenowjournal.org/2019/05/06/approaching-waste-through-environmental-history-an-interview-with-thomas-le-roux},
  language = {en},
  keywords = {vulgarisation, vulgarisationnet}
}
@article{lilti2019-385,
  author = {Lilti, Antoine},
  title = {Charlie-Hebdo et les Lumières},
  volume = {10},
  date = {2019-02},
  language = {fr},
  journal = {Le Monde},
  keywords = {vulgarisation, vulgarisationjournal}
}
@online{lyoncaen2019-386,
  author = {Lyon-Caen, Judith},
  title = {Les historiens face au révisionnisme polonais},
  date = {2019-04-05},
  url = {http://www.laviedesidees.fr/Les-historiens-face-au-revisionnisme-polonais.html},
  language = {fr},
  organization = {La Vie des idées},
  keywords = {vulgarisation, vulgarisationnet}
}
@online{piron2019-387,
  author = {Piron, Sylvain},
  title = {Notre-Dame ou quand la forêt crépite},
  date = {2019-04-21},
  language = {fr},
  organization = {AOC media},
  url = {https://aoc.media/analyse/2019/04/22/dame-foret-crepite},
  note = {\url{https://halshs.archives-ouvertes.fr/halshs-02105840}},
  pdf = {https://halshs.archives-ouvertes.fr/halshs-02105840/file/Notre%20Dame.pdf},
  HAL_id = {halshs-02105840},
  HAL_version = {v1},
  keywords = {vulgarisation, vulgarisationnet}
}
@article{rucquoi2019-388,
  author = {Rucquoi, Adeline},
  title = {La Reconquista, une entreprise pénitentielle},
  date = {2019-07},
  pages = {76–77},
  language = {fr},
  journal = {Le Monde},
  issuetitle = {L’histoire de la Méditerranée, La Vie},
  note = {Hors-série},
  keywords = {vulgarisation, vulgarisationjournal}
}
@article{schmitt2019-389,
  author = {Schmitt, Jean-Claude},
  title = {Pour la reconstruction, évitons le pastiche du pastiche},
  date = {2019-04-21},
  pages = {27},
  language = {fr},
  journal = {Le Monde},
  keywords = {vulgarisation, vulgarisationjournal}
}
@article{lilti2019-390,
  author = {Lilti, Antoine},
  title = {Le partage des eaux},
  date = {2019-05-02},
  language = {fr},
  journal = {L’Obs},
  keywords = {vulgarisation, vulgarisationmag}
}
@article{chartier2020-391,
  author = {Chartier, Roger},
  note = {entretien},
  title = {Límites, prácticas y tensiones de una historiografía en construcción},
  journal = {Meridional. Revista Chilena de Estudios Latinoamericanos},
  number = {13},
  pages = {197–217},
  date = {2019},
  doi = {10.5354/0719-4862.2019.54423},
  language = {es},
  keywords = {vulgarisation, vulgarisationitw}
}
@book{anheim2019-646,
  title = {A la vie, à la mort. Des rois maudits à la guerre de Cent Ans},
  author = {Anheim, Etienne and Theis, Valérie and Guerrive, Sophie},
  publisher = {La Découverte},
  series = {Histoire dessinée de la France},
  year = {2019},
  url = {https://halshs.archives-ouvertes.fr/halshs-02994180},
  HAL_id = {halshs-02994180},
  HAL_version = {v1},
  language = {fr},
  keywords = {vulgarisation, vulgarisationbook}
}
