@thesis{Hemardinquer941-1950,
    author = {Hemardinquer, Jean-Jacques},
    title = {D.E.S.: La Réforme en Dauphiné jusqu'au début des guerres de religion, notamment d'après les arrêts inédits du Parlement de Grenoble},
    institution = {},
    location = {Grenoble},
    year = 1950,
    pagetotal = {},
    language = {français},
    keywords = {theses-crh, crh-1950}
    }

