@article{Hemardinquer945-1960,
    author = {Hemardinquer, Jean-Jacques},
    title = {Histoire des femmes. Les femmes dans la Réforme (en Dauphiné) (avec bibliographie générale)},
    journal = {Bulletin philologique et historique (jusqu'en 1610) du Comité des travaux historiques et scientifiques (1959)},
    year = 1960,
    language = {français},
    keywords = {art-crh, crh-1960}
    }

@article{Hemardinquer946-1960,
    author = {Hemardinquer, Jean-Jacques},
    title = {Droit et histoire. La question des biens protestants au XVIIIe siècle},
    journal = {Annales E.S.C.},
    year = 1960,
    language = {français},
    keywords = {art-crh, crh-1960}
    }

@inproceedings{Hemardinquer911-1960,
    author = {Hemardinquer, Jean-Jacques},
    editor = {},
    title = {La fonderie de Nevers et ses banquiers},
    booktitle = {Actes du 84e congrès national des sociétés savantes, Dijon, 1959, section d'histoire moderne et contemporaine},
    publisher = {},
    location = {},
    year = 1960,
    pagetotal = {25},
    language = {français},
    keywords = {inproceedings-crh, crh-1960}
    }

