@article{Hemardinquer914-1963,
    author = {Hemardinquer, Jean-Jacques},
    title = {A propos d'une enquête sur la taille : tour d'horizon européen},
    journal = {Annales E.S.C.},
    year = 1963,
    language = {français},
    keywords = {art-crh, crh-1963}
    }

@article{Hemardinquer922-1963,
    author = {Hemardinquer, Jean-Jacques},
    title = {Documents nouveaux sur le glossateur Bernard Dorne},
    journal = {Revue Historique de droit français et étranger},
    year = 1963,
    language = {français},
    keywords = {art-crh, crh-1963}
    }

@article{Hemardinquer923-1963,
    author = {Hemardinquer, Jean-Jacques},
    title = {La carrière du glossateur Bernard Dorne et les origines de l'école de droit de Montpellier},
    journal = {Bulletin philologique et historique..., 1961},
    year = 1963,
    language = {français},
    keywords = {art-crh, crh-1963}
    }

@article{Hemardinquer927-1963,
    author = {Hemardinquer, Jean-Jacques},
    title = {Patriotisme et machinisme en 1791},
    journal = {Annales historiques de la Révolution française},
    year = 1963,
    language = {français},
    keywords = {art-crh, crh-1963}
    }

@article{Hemardinquer949-1963,
    author = {Hemardinquer, Jean-Jacques},
    title = {Les protestants de l'Aunis, de la Saintonge et du Poitou vus par un notable rochelais à la veille de l'édit de tolérance},
    journal = {Bulletin de la Société de l'histoire du protestantisme français},
    year = 1963,
    language = {français},
    keywords = {art-crh, crh-1963}
    }

@article{Hemardinquer1001-1963,
    author = {Hemardinquer, Jean-Jacques},
    title = {L'introduction du maïs et de la culture des sorghos dans l'ancienne France},
    journal = {Bulletin Philologique et Historique, année 1963},
    year = 1963,
    language = {français},
    keywords = {art-crh, crh-1963}
    }

@book{Guillou5665-1963,
    author = {Guillou, André},
    title = {Les Actes grecs de Sainte Marie de Messine (XIe-XIVe siècles)},
    publisher = {},
    series = {},
    location = {Palerme},
    year = 1963,
    pagetotal = {},
    language = {français},
    keywords = {book-crh, crh-1963}
    }

@inproceedings{Hemardinquer904-1963,
    author = {Hemardinquer, Jean-Jacques},
    editor = {},
    title = {Maïs ou sarrasin ? Une lecture rapide d'A. de Candolle...},
    booktitle = {Actes du 88e congrès national des sociétés savantes},
    publisher = {},
    location = {},
    year = 1963,
    pagetotal = {8},
    language = {français},
    keywords = {inproceedings-crh, crh-1963}
    }

@book{Peter975-1963,
    author = {Peter, Jean-Pierre},
    title = { De la démocratie en Amérique},
    publisher = {Union Générale d'Edition},
    series = {10-18},
    location = {Paris},
    year = 1963,
    pagetotal = {16},
    language = {français},
    % addendum = {édition et présentation},
    keywords = {edition-txt-crh, crh-1963}
    }

