@article{Hemardinquer906-1964,
    author = {Hemardinquer, Jean-Jacques},
    title = {Turcicum frumentum: une survivance du principe d'autorité?},
    journal = {Candollea},
    year = 1964,
    language = {français},
    keywords = {art-crh, crh-1964}
    }

@article{Hemardinquer907-1964,
    author = {Hemardinquer, Jean-Jacques},
    title = {Une dynastie de mécanicien anglais en France : James, John et Juliana Collier (1791-1847)},
    journal = {Revue d'histoire des sciences et de leurs applications},
    year = 1964,
    language = {français},
    keywords = {art-crh, crh-1964}
    }

@article{Hemardinquer908-1964,
    author = {Hemardinquer, Jean-Jacques},
    title = {Un centre de formation technique en 1800 : Coye},
    journal = {Annales E.S.C.},
    year = 1964,
    language = {français},
    keywords = {art-crh, crh-1964}
    }

@article{Hemardinquer930-1964,
    author = {Hemardinquer, Jean-Jacques},
    title = {La découverte du mouvement social : notes critiques sur le jeune Fourier},
    journal = {Le Mouvement social},
    year = 1964,
    language = {français},
    keywords = {art-crh, crh-1964}
    }

@article{Jeannin952-1964,
    author = {Jeannin, Pierre},
    title = {Les comptes du Sund comme source pour la construction d'indices généraux de l'activité économique en Europe, XVIe-XVIIIe siècles},
    journal = {Revue Historique},
    year = 1964,
    language = {français},
    keywords = {art-crh, crh-1964}
    }

@article{Peter974-1964,
    author = {Peter, Jean-Pierre},
    title = {L'Histoire à l'épreuve de la guerre d'Espagne},
    journal = {Annales E.S.C.},
    year = 1964,
    language = {français},
    keywords = {art-crh, crh-1964}
    }

@inproceedings{Hemardinquer916-1964,
    author = {Hemardinquer, Jean-Jacques},
    editor = {},
    title = {Activités bancaires dans le Centre au début du XIXe siècle d'après la correspondance d'un banquier de Nevers},
    booktitle = {Actes du 88e congrès national des sociétés savantes, Clermont-Ferrand, 1963, section d'histoire moderne...},
    publisher = {},
    location = {},
    year = 1964,
    pagetotal = {25},
    language = {français},
    keywords = {inproceedings-crh, crh-1964}
    }

@book{Peter976-1964,
    author = {Peter, Jean-Pierre},
    title = { Philosophie de la misère},
    publisher = {Union Générale d'Edition},
    series = {},
    location = {Paris},
    year = 1964,
    pagetotal = {18},
    language = {français},
    % addendum = {édition et présentation},
    keywords = {edition-txt-crh, crh-1964}
    }

