@article{Hemardinquer913-1965,
    author = {Hemardinquer, Jean-Jacques},
    title = {Innovation et réaction à Toulouse : deux dossiers nouveaux sur Boyer-Fonfrède},
    journal = {Annales du Midi},
    year = 1965,
    language = {français},
    keywords = {art-crh, crh-1965}
    }

@article{Hemardinquer926-1965,
    author = {Hemardinquer, Jean-Jacques},
    title = {Affaires et politique sous la monarchie censitaire.  Un libéral : F.-B. Boyer-Fonfrède (1767-1845) (complément)},
    journal = {Annales du Midi},
    year = 1965,
    language = {français},
    keywords = {art-crh, crh-1965}
    }

@article{Hemardinquer931-1965,
    author = {Hemardinquer, Jean-Jacques},
    title = {Actualité de Fourier},
    journal = {Coopération,},
    year = 1965,
    language = {français},
    keywords = {art-crh, crh-1965}
    }

@article{Hemardinquer950-1965,
    author = {Hemardinquer, Jean-Jacques},
    title = {Les protestants de Grenoble au XVIe siècle d'après des études récentes (documents inédits)},
    journal = {Bulletin de la Société de l'histoire du protestantisme français},
    year = 1965,
    language = {français},
    keywords = {art-crh, crh-1965}
    }

@article{Jeannin953-1965,
    author = {Jeannin, Pierre},
    title = {Sur une histoire du marché anversois dans son cadre européen},
    journal = {Annales E.S.C.},
    year = 1965,
    language = {français},
    keywords = {art-crh, crh-1965}
    }

@inproceedings{Hemardinquer899-1965,
    author = {Hemardinquer, Jean-Jacques},
    editor = {},
    title = {Un paysage en voie de disparition. La vigne en hautains dans la région du Léman et à travers la France du sud},
    booktitle = {Actes du 89e congrès des sociétés savantes, section de géographie, Lyon, 1964},
    publisher = {},
    location = {},
    year = 1965,
    pagetotal = {21},
    language = {français},
    keywords = {inproceedings-crh, crh-1965}
    }

@inproceedings{Hemardinquer917-1965,
    author = {Hemardinquer, Jean-Jacques},
    editor = {},
    title = {Banque et crédit. Documents sur les crises de 1800-1815 à Lyon (archives notariales)},
    booktitle = {Actes du 89e congrès national des sociétés savantes, Lyon, 1964},
    publisher = {},
    location = {},
    year = 1965,
    pagetotal = {25},
    language = {français},
    keywords = {inproceedings-crh, crh-1965}
    }

@inproceedings{Hemardinquer918-1965,
    author = {Hemardinquer, Jean-Jacques},
    editor = {},
    title = {Lettres et mémoires inédits de l'abbé Expilly. Nice à l'heure du despotisme éclairé},
    booktitle = {Actes du 90e congrès national des sociétés savantes},
    publisher = {},
    location = {},
    year = 1965,
    pagetotal = {28},
    language = {français},
    keywords = {inproceedings-crh, crh-1965}
    }

@inreference{Hemardinquer932-1965,
    author = {Hemardinquer, Jean-Jacques},
    editor = {},
    title = {Dechazelle},
    booktitle = {Dictionnaire de biographie française},
    publisher = {P. LETOUZEY et ANE},
    series = {},
    location = {},
    year = 1965,
    pagetotal = {},
    language = {français},
    keywords = {dict-crh, crh-1965}
    }

@inreference{Hemardinquer933-1965,
    author = {Hemardinquer, Jean-Jacques},
    editor = {},
    title = {Delahante},
    booktitle = {Dictionnaire de biographie française},
    publisher = {P. LETOUZEY et ANE},
    series = {},
    location = {},
    year = 1965,
    pagetotal = {},
    language = {français},
    keywords = {dict-crh, crh-1965}
    }

@inreference{Hemardinquer934-1965,
    author = {Hemardinquer, Jean-Jacques},
    editor = {},
    title = {Delandine de Saint-Esprit},
    booktitle = {Dictionnaire de biographie française},
    publisher = {P. LETOUZEY et ANE},
    series = {},
    location = {},
    year = 1965,
    pagetotal = {},
    language = {français},
    keywords = {dict-crh, crh-1965}
    }

@inreference{Hemardinquer935-1965,
    author = {Hemardinquer, Jean-Jacques},
    editor = {},
    title = {Després},
    booktitle = {Dictionnaire de biographie française},
    publisher = {P. LETOUZEY et ANE},
    series = {},
    location = {},
    year = 1965,
    pagetotal = {},
    language = {français},
    keywords = {dict-crh, crh-1965}
    }

@inreference{Hemardinquer936-1965,
    author = {Hemardinquer, Jean-Jacques},
    editor = {},
    title = {J.-B.-D. Desprez},
    booktitle = {Dictionnaire de biographie française},
    publisher = {P. LETOUZEY et ANE},
    series = {},
    location = {},
    year = 1965,
    pagetotal = {},
    language = {français},
    keywords = {dict-crh, crh-1965}
    }

@inreference{Hemardinquer937-1965,
    author = {Hemardinquer, Jean-Jacques},
    editor = {},
    title = {Esquieu de Floyran},
    booktitle = {Dictionnaire de biographie française},
    publisher = {P. LETOUZEY et ANE},
    series = {},
    location = {},
    year = 1965,
    pagetotal = {},
    language = {français},
    keywords = {dict-crh, crh-1965}
    }

@inreference{Hemardinquer938-1965,
    author = {Hemardinquer, Jean-Jacques},
    editor = {},
    title = {Expilly},
    booktitle = {Dictionnaire de biographie française},
    publisher = {P. LETOUZEY et ANE},
    series = {},
    location = {},
    year = 1965,
    pagetotal = {},
    language = {français},
    keywords = {dict-crh, crh-1965}
    }

@inreference{Hemardinquer939-1965,
    author = {Hemardinquer, Jean-Jacques},
    editor = {},
    title = {Fonfrède},
    booktitle = {Dictionnaire de biographie française},
    publisher = {P. LETOUZEY et ANE},
    series = {},
    location = {},
    year = 1965,
    pagetotal = {},
    language = {français},
    keywords = {dict-crh, crh-1965}
    }

@incollection{Klapisch964-1965,
    author = {Klapisch-Zuber, Christiane and John Day},
    editor = {?},
    title = {Villages désertés en Italie. Esquisse},
    booktitle = {villages désertés et histoire économique, XIe-XVIIIe siècles},
    publisher = {SEVPEN},
    location = {Paris},
    year = 1965,
    pagetotal = {42},
    language = {français},
    keywords = {collectif-crh, crh-1965}
    }

@report{Hemardinquer909-1965,
    author = {Hemardinquer, Jean-Jacques},
    title = {La recherche en histoire des sciences et des techniques. Matériaux pour un inventaire général},
    publisher = {EPHE},
    institution = {},
    location = {Paris},
    year = 1965,
    pagetotal = {70},
    language = {français},
    keywords = {report-crh, crh-1965}
    }

