@article{Hemardinquer901-1966,
    author = {Hemardinquer, Jean-Jacques},
    title = {Pour un atlas d'histoire de la vie matérielle},
    journal = {Annales E.S.C.},
    year = 1966,
    language = {français},
    keywords = {art-crh, crh-1966}
    }

@article{Peter977-1966,
    author = {Peter, Jean-Pierre},
    title = {Le langage malade},
    journal = {Après-demain},
    year = 1966,
    language = {français},
    keywords = {art-crh, crh-1966}
    }

@article{Peter978-1966,
    author = {Peter, Jean-Pierre},
    title = {Des lumières qui font briller l'Etat (1763-1780)},
    journal = {La Quinzaine},
    year = 1966,
    language = {français},
    keywords = {art-crh, crh-1966}
    }

@article{Daumard1000-1966,
    author = {Daumard, Adeline},
    title = {La fortune mobilière en France selon les milieux sociaux - XIXe-XXe siècles},
    journal = {Revue d'histoire Economique et Sociale},
    year = 1966,
    language = {français},
    keywords = {art-crh, crh-1966}
    }

@article{Hemardinquer1002-1966,
    author = {Hemardinquer, Jean-Jacques},
    title = {Fourier stratège (1796) et fonctionnaire (1815)},
    journal = {Cahiers d'Histoire},
    year = 1966,
    language = {français},
    keywords = {art-crh, crh-1966}
    }

@article{Hemardinquer1005-1966,
    author = {Hemardinquer, Jean-Jacques},
    title = {Problèmes de coopération technique franco-belge en 1817 : l' introduction de la tondeuse à drap (lettres d'André de Neuf-lize)},
    journal = {Revue des Sciences Economiques},
    year = 1966,
    language = {français},
    keywords = {art-crh, crh-1966}
    }

@article{Klapisch1006-1966,
    author = {Klapisch, Christiane},
    title = {Le commerce des marbres de Carrare entre 1450 et 1550},
    journal = {Nuova Rivista Storica},
    year = 1966,
    language = {français},
    keywords = {art-crh, crh-1966}
    }

@article{LeRoyLadurie1016-1966,
    author = {Le Roy Ladurie, Emmanuel},
    title = {Révolution Française et contraception: dossiers languedociens},
    journal = {Annales de démographie historique},
    year = 1966,
    language = {français},
    keywords = {art-crh, crh-1966}
    }

@article{Varagnac1021-1966,
    author = {Varagnac, J},
    title = {Archéocivilisation du Feu},
    journal = {revue Archéocivilisation},
    year = 1966,
    language = {français},
    keywords = {art-crh, crh-1966}
    }

@book{Flandrin896-1966,
    author = {Flandrin, Maria},
    title = {La Pologne du XVIIIe siècle},
    publisher = {Calmann-Lévy},
    series = {},
    location = {Paris},
    year = 1966,
    pagetotal = {},
    language = {français},
    keywords = {book-crh, crh-1966}
    }

@book{LeRoyLadurie1013-1966,
    author = {Le Roy Ladurie, Emmanuel},
    title = {Les Paysans de Languedoc},
    publisher = {S.E.V.P.E.N.},
    series = {},
    location = {Paris},
    year = 1966,
    pagetotal = {},
    language = {français},
    keywords = {book-crh, crh-1966}
    }

@book{LeRoyLadurie1014-1966,
    author = {Le Roy Ladurie, Emmanuel},
    title = {Histoire du Languedoc},
    publisher = {},
    series = {Collection Que Sais-je ?},
    location = {Paris},
    year = 1966,
    pagetotal = {},
    language = {français},
    keywords = {book-crh, crh-1966}
    }

@book{Taton1020-1966,
    author = {Taton, },
    title = {L'Histoire générale des Sciences},
    publisher = {},
    series = {},
    location = {},
    year = 1966,
    pagetotal = {},
    language = {français},
    keywords = {book-crh, crh-1966}
    }

