@article{Jeannin519-1967,
    author = {Jeannin, Pierre},
    title = {Enfin une synthèse sur la Hanse},
    journal = {Annales E.S.C.},
    year = 1967,
    language = {français},
    keywords = {art-crh, crh-1967}
    }

@article{Hemardinquer898-1967,
    author = {Hemardinquer, Jean-Jacques},
    title = {Recherches sur l'introduction et la diffusion du sarrasin, notamment en Lyonnais et Bas-Dauphiné},
    journal = {Bulletin philologique et historique, année 1964},
    year = 1967,
    language = {français},
    keywords = {art-crh, crh-1967}
    }

@article{Hemardinquer929-1967,
    author = {Hemardinquer, Jean-Jacques},
    title = {Capitalisme : mot et idée quarante huitards},
    journal = {Annales E.S.C.},
    year = 1967,
    language = {français},
    keywords = {art-crh, crh-1967}
    }

@article{Peter980-1967,
    author = {Peter, Jean-Pierre},
    title = {Malades et maladies à la fin du XVIIIe siècle},
    journal = {Annales E.S.C.},
    year = 1967,
    language = {français},
    keywords = {art-crh, crh-1967}
    }

@article{LeGoff1007-1967,
    author = {Le Goff, Jacques},
    title = {Culture cléricale et culture folklorique dans le Haut Moyen Age},
    journal = {Annales E.S.C.},
    year = 1967,
    language = {français},
    keywords = {art-crh, crh-1967}
    }

@article{Piponnier1018-1967,
    author = {Piponnier, Françoise},
    title = {A propos de textiles anciens principalement médiévaux},
    journal = {Annales E.S.C.},
    year = 1967,
    language = {français},
    keywords = {art-crh, crh-1967}
    }

@book{Costabel998-1967,
    author = {Costabel, P},
    title = {Oeuvres de Malebranche (1689-1706)},
    publisher = {},
    series = {},
    location = {},
    year = 1967,
    pagetotal = {},
    language = {français},
    keywords = {book-crh, crh-1967}
    }

@book{LeRoyLadurie1015-1967,
    author = {Le Roy Ladurie, Emmanuel},
    title = {Histoire du Climat depuis l'An mil},
    publisher = {Flammarion},
    series = {},
    location = {Paris},
    year = 1967,
    pagetotal = {},
    language = {français},
    keywords = {book-crh, crh-1967}
    }

@book{Guillou5666-1967,
    author = {Guillou, André},
    title = {Saint Nicodème de Kellarana (1023 à 1232)},
    publisher = {},
    series = {},
    location = {Cité du Vatican},
    year = 1967,
    pagetotal = {},
    language = {français},
    keywords = {book-crh, crh-1967}
    }

@inproceedings{Hemardinquer919-1967,
    author = {Hemardinquer, Jean-Jacques},
    editor = {},
    title = {Aspects du marché français des indiennes au début du XIXe siècle. Les Mulhouses extérieures},
    booktitle = {Actes du 92e congrès national des sociétés savantes},
    publisher = {},
    location = {},
    year = 1967,
    pagetotal = {15},
    language = {français},
    keywords = {inproceedings-crh, crh-1967}
    }

@inproceedings{Jeannin954-1967,
    author = {Jeannin, Pierre},
    editor = {},
    title = {Attitudes culturelles et stratifications sociales : réflexions sur le XVIIe siècle européen, dans <Vvi>Niveaux de culture et groupes sociaux</Vvi>},
    booktitle = {Actes du colloque réuni à L'ENS, 7-9 mai 1966, Niveaux de culture et groupes sociaux},
    publisher = {},
    location = {Paris},
    year = 1967,
    pagetotal = {71},
    language = {français},
    keywords = {inproceedings-crh, crh-1967}
    }

@inproceedings{LeGoff1009-1967,
    author = {Le Goff, Jacques},
    editor = {},
    title = {Note sur une idéologie monarchique, essor économique et société tripartie dans l'occident des 9-12 siècles},
    booktitle = {Colloque de Varsovie sur la naissance des Etats Européens aux Xe-XIE siècles},
    publisher = {},
    location = {},
    year = 1967,
    pagetotal = {},
    language = {français},
    keywords = {inproceedings-crh, crh-1967}
    }

@inproceedings{LeGoff1010-1967,
    author = {Le Goff, Jacques},
    editor = {},
    title = {Le sel dans la politique internationale au Moyen Age},
    booktitle = {Colloque d'histoire maritime sur le sel dans l'histoire maritime},
    publisher = {},
    location = {},
    year = 1967,
    pagetotal = {},
    language = {français},
    keywords = {inproceedings-crh, crh-1967}
    }

@inproceedings{LeGoff1011-1967,
    author = {Le Goff, Jacques},
    editor = {},
    title = {L'Occident médiéval et l'Océan Indien: un horizon onirique},
    booktitle = {Colloque d'histoire maritime sur l'occident médiéval et l'Océan Indien: un horizon onirique},
    publisher = {},
    location = {},
    year = 1967,
    pagetotal = {},
    language = {français},
    keywords = {inproceedings-crh, crh-1967}
    }

@inproceedings{LeGoff1012-1967,
    author = {Le Goff, Jacques},
    editor = {},
    title = {Francesco d'Assisi. C.E.I. Milan, La notion d'Université en France à la Renaissance},
    booktitle = {Colloque de Cracovie sur la notion d'Université, XIVe-XVIIIe siècle},
    publisher = {},
    location = {},
    year = 1967,
    pagetotal = {},
    language = {français},
    keywords = {inproceedings-crh, crh-1967}
    }

@inproceedings{Pesez1017-1967,
    author = {Pesez, Jean-Marie},
    editor = {},
    title = {Les promesses de l'Archéologie rurale en France},
    booktitle = {Actes du Ier Congrès International d'Archéologie slave,(Varsovie 1965)},
    publisher = {},
    location = {},
    year = 1967,
    pagetotal = {},
    language = {français},
    keywords = {inproceedings-crh, crh-1967}
    }

@inreference{Hemardinquer924-1967,
    author = {Hemardinquer, Jean-Jacques},
    editor = {},
    title = {Articles' Dorne'},
    booktitle = {Dictionnaire de biographie française},
    publisher = {P. LETOUZEY et ANE},
    series = {},
    location = {},
    year = 1967,
    pagetotal = {},
    language = {français},
    keywords = {dict-crh, crh-1967}
    }

@incollection{LeGoff1008-1967,
    author = {Le Goff, Jacques},
    editor = {},
    title = {Culture cléricale et folklore dans l'Occident Médiéval: saint Victor de Paris et le dragon},
    booktitle = {Studi in onore di Corrado Barbagallo},
    publisher = {},
    location = {},
    year = 1967,
    pagetotal = {},
    language = {français},
    keywords = {melanges-crh, crh-1967}
    }

@incollection{Peter979-1967,
    author = {Peter, Jean-Pierre},
    editor = {R.. Poirier and J. Hersch},
    title = {Temps de l'Histoire et temps de l'historien},
    booktitle = {Entretiens sur le Temps},
    publisher = {},
    location = {},
    year = 1967,
    pagetotal = {40},
    language = {français},
    keywords = {collectif-crh, crh-1967}
    }

@book{Costabel999-1967,
    author = {Costabel, P and BEAUDE,J.},
    title = {Œuvres},
    publisher = {},
    series = {},
    location = {},
    year = 1967,
    pagetotal = {},
    language = {français},
    % addendum = {Oeuvres de Descartes},
    keywords = {edition-txt-crh, crh-1967}
    }

@book{Rochot1019-1967,
    author = {Rochot, B},
    editor = {},
    title = {Correspondance du P. Marin Mersenne},
    publisher = {},
    series = {},
    location = {},
    year = 1967,
    pagetotal = {},
    language = {français},
    keywords = {outil-recherche-crh, crh-1967}
    }

@article{Courbin349-1967,
    author = {Courbin, Paul},
    title = {Préhistoire de l'Art occidental (A. Leroy Gourhan)},
    journal = {L'homme},
    year = 1967,
    language = {français},
    keywords = {cr-crh, crh-1967}
    }

