@article{Dauphin895-1969,
    author = {Dauphin-Memeteau, Cécile and A.FAUVE-CHAMOUX},
    title = {La contraception avant la Révolution française : l'exemple de Châtillon-sur-Seine},
    journal = {Annales E.S.C.},
    year = 1969,
    language = {français},
    keywords = {art-crh, crh-1969}
    }

@article{Hemardinquer915-1969,
    author = {Hemardinquer, Jean-Jacques},
    title = {La taille, impôt marqué sur un bâton (Landes, Pyrénées, Bourgogne)},
    journal = {Bulletin philologique et historique (jusqu'en 1610)},
    year = 1969,
    language = {français},
    keywords = {art-crh, crh-1969}
    }

@article{Jeannin958-1969,
    author = {Jeannin, Pierre},
    title = {Note sur l'abbaye de Lure au XVIe siècle. Aspects économiques et sociaux de la géographie historique},
    journal = {Bulletin philologique et historique jusqu'à 1610 (1967)},
    year = 1969,
    language = {français},
    keywords = {art-crh, crh-1969}
    }

@article{Klapisch966-1969,
    author = {Klapisch-Zuber, Christiane},
    title = {Fiscalité et démographie en Toscane, 1427-1430},
    journal = {Annales E.S.C.},
    year = 1969,
    language = {français},
    keywords = {art-crh, crh-1969}
    }

@article{Bernageau1022-1969,
    author = {Bernageau, Nicole and LE ROY LADURIE,E. and PASQUET,Y.},
    title = {Le conscrit et l'ordinateur. Perspective de recherches sur les archives militaires du XIXe siècle français},
    journal = {Studi Storici},
    year = 1969,
    language = {français},
    keywords = {art-crh, crh-1969}
    }

@article{Detienne1024-1969,
    author = {Detienne, Marcel},
    title = {Structures sociales et pratique politique dans le pythagorisme},
    journal = {Filosofia e scienze in Magna Grecia},
    year = 1969,
    language = {français},
    keywords = {art-crh, crh-1969}
    }

@article{Dupaquier1025-1969,
    author = {Dupaquier, Jacques},
    title = {Peuplement français du Bassin Parisien},
    journal = {Annales E.S.C.},
    year = 1969,
    language = {français},
    keywords = {art-crh, crh-1969}
    }

@article{Dupaquier1026-1969,
    author = {Dupaquier, Jacques and LE ROY LADURIE,E.},
    title = {Quatre vingts villages français (XIIIe-XXe siècles)},
    journal = {Annales E.S.C.},
    year = 1969,
    language = {français},
    keywords = {art-crh, crh-1969}
    }

@article{LeRoyLadurie1031-1969,
    author = {Le Roy Ladurie, Emmanuel and DUPAQUIER,J.},
    title = {Quatre vingts villages français (XIIIe-XXe siècles)},
    journal = {Annales E.S.C.},
    year = 1969,
    language = {français},
    keywords = {art-crh, crh-1969}
    }

@article{LeRoyLadurie1032-1969,
    author = {Le Roy Ladurie, Emmanuel and BERNAGEAU,N. and PASQUET,Y.},
    title = {Le conscrit et l'ordinateur. Perspective de recherches sur les archives militaires du XIXe siècle français},
    journal = {Studi Storici},
    year = 1969,
    language = {français},
    keywords = {art-crh, crh-1969}
    }

@article{Pasquet1033-1969,
    author = {Pasquet, Yvonne and LE ROY LADURIE,E. and BERNAGEAU,N.},
    title = {Le conscrit et l'ordinateur. Perspective de recherches sur les archives militaires du XIXe siècle français},
    journal = {Studi Storici},
    year = 1969,
    language = {français},
    keywords = {art-crh, crh-1969}
    }

@article{Randles1034-1969,
    author = {Randles, William},
    title = {De la traite à la colonisation : les Portugais en Angola},
    journal = {Annales E.S.C.},
    year = 1969,
    language = {français},
    keywords = {art-crh, crh-1969}
    }

@article{Richet1036-1969,
    author = {Richet, Denis},
    title = {Autour des origines idéologiques lointaines de la Révolution française},
    journal = {Annales E.S.C.},
    year = 1969,
    language = {français},
    keywords = {art-crh, crh-1969}
    }

@article{Vernant1040-1969,
    author = {Vernant, Jean-Pierre},
    title = {Système et liberté},
    journal = {Raison présente},
    year = 1969,
    language = {français},
    keywords = {art-crh, crh-1969}
    }

@book{Klapisch965-1969,
    author = {Klapisch-Zuber, Christiane},
    title = {Les maîtres du marbre. Carrare, 1300-1600},
    publisher = {S.E.V.P.E.N.},
    series = {},
    location = {Paris},
    year = 1969,
    pagetotal = {},
    language = {français},
    keywords = {book-crh, crh-1969}
    }

@book{Schnapper990-1969,
    author = {Schnapper, Dominique},
    title = {Les Agents du système administratif},
    publisher = {Mouton},
    series = {},
    location = {Paris-La-Haye},
    year = 1969,
    pagetotal = {},
    language = {français},
    keywords = {book-crh, crh-1969}
    }

@book{Bolleme1023-1969,
    author = {Bolleme, Geneviève},
    title = {Les almanachs populaires au XVIIe et au XVIIIe siècles},
    publisher = {Mouton},
    series = {},
    location = {Paris},
    year = 1969,
    pagetotal = {},
    language = {français},
    keywords = {book-crh, crh-1969}
    }

@inproceedings{Hemardinquer920-1969,
    author = {Hemardinquer, Jean-Jacques},
    editor = {},
    title = {Un entrepreneur de défrichements au XVIIIe siècle},
    booktitle = {Actes du 92e congrès national des sociétés savantes},
    publisher = {},
    location = {},
    year = 1969,
    pagetotal = {15},
    language = {français},
    keywords = {inproceedings-crh, crh-1969}
    }

@inproceedings{Hemardinquer1074-1969,
    author = {Hemardinquer, Jean-Jacques},
    editor = {},
    title = {Sur la limite de l'olivier},
    booktitle = {Actes du 93e Congrès national des sociétés savantes},
    publisher = {},
    location = {},
    year = 1969,
    pagetotal = {},
    language = {français},
    keywords = {inproceedings-crh, crh-1969}
    }

@book{Jeannin957-1969,
    author = {Jeannin, Pierre},
    editor = {},
    title = {L'Europe du Nord et du Nord Ouest aux XVIIe et XVIIIe siècles},
    publisher = {PUF},
    series = {},
    location = {Paris},
    year = 1969,
    pagetotal = {},
    language = {français},
    addendum = {réédition},
    keywords = {reedition-crh, crh-1969}
    }

