@article{Bergeron1047-1970,
    author = {Bergeron, Louis},
    title = {Pourtalès et Cie (1753-1909)},
    journal = {Annales E.S.C.},
    year = 1970,
    language = {français},
    keywords = {art-crh, crh-1970}
    }

@article{Bergeron1048-1970,
    author = {Bergeron, Louis},
    title = {Problèmes économiques de la France napoléonienne},
    journal = {Revue d'histoire moderne et contemporaine},
    year = 1970,
    language = {français},
    keywords = {art-crh, crh-1970}
    }

@article{Chapelot1049-1970,
    author = {Chapelot, Jean},
    title = {Chronique d'archéologie médiévale},
    journal = {Revue archéologique du Centre},
    year = 1970,
    language = {français},
    keywords = {art-crh, crh-1970}
    }

@article{Chapelot1050-1970,
    author = {Chapelot, Jean and J.-M. PESEZ and F. PIPONNIER},
    title = {Sources archéologiques et sources écrites : l'exemple de la céramique},
    journal = {Bulletin philologique et historique},
    year = 1970,
    language = {français},
    keywords = {art-crh, crh-1970}
    }

@article{Chaussinand1052-1970,
    author = {Chaussinand-Nogaret, Guy},
    title = {L'or, le poivre et l'économie mondiale},
    journal = {Annales E.S.C.},
    year = 1970,
    language = {français},
    keywords = {art-crh, crh-1970}
    }

@article{Chaussinand1053-1970,
    author = {Chaussinand-Nogaret, Guy},
    title = {Capital et structure sociale sous l'Ancien Régime},
    journal = {Annales E.S.C.},
    year = 1970,
    language = {français},
    keywords = {art-crh, crh-1970}
    }

@article{Couperie1054-1970,
    author = {Couperie, Pierre and LE ROY LADURIE,E.},
    title = {Le mouvement des loyers parisiens de la fin du Moyen Age au XVIIIe siècle},
    journal = {Annales E.S.C.},
    year = 1970,
    language = {français},
    keywords = {art-crh, crh-1970}
    }

@article{Daumas1058-1970,
    author = {Daumas, M},
    title = {Les revenus et les charges des prêtres de campagne au nord-est de Paris (XVIIe-XVIIIe siècles)},
    journal = {Revue d'histoire moderne et contemporaine},
    year = 1970,
    language = {français},
    keywords = {art-crh, crh-1970}
    }

@article{Dupaquier1060-1970,
    author = {Dupaquier, Jacques},
    title = {Problèmes démographiques de la France napoléonienne},
    journal = {Revue d'histoire moderne et contemporaine},
    year = 1970,
    language = {français},
    keywords = {art-crh, crh-1970}
    }

@article{DeFontette1063-1970,
    author = {De Fontette, M},
    title = {Villes médiévales et ordres mendiants},
    journal = {Revue historique du droit},
    year = 1970,
    language = {français},
    keywords = {art-crh, crh-1970}
    }

@article{DeFontette1064-1970,
    author = {De Fontette, M},
    title = {Ordres mendiants et urbanisation au Moyen Age un exemple : les Cordeliers de Pontoise},
    journal = {Annales E.S.C.},
    year = 1970,
    language = {français},
    keywords = {art-crh, crh-1970}
    }

@article{Furet1067-1970,
    author = {Furet, François},
    title = {Tocqueville est-il un historien de la Révolution française ?},
    journal = {Annales E.S.C.},
    year = 1970,
    language = {français},
    keywords = {art-crh, crh-1970}
    }

@article{Goy1069-1970,
    author = {Goy, Joseph},
    title = {L'histoire rurale au Centre de Recherches Historiques},
    journal = {Etudes rurales},
    year = 1970,
    language = {français},
    keywords = {art-crh, crh-1970}
    }

@article{Goy1070-1970,
    author = {Goy, Joseph},
    title = {Les fluctuations du produit décimal dans la France méditerranéenne (XVIe-XVIIIe siècles), bilan provisoire d'une méthode de recherche},
    journal = {Desarollo economico},
    year = 1970,
    language = {français},
    keywords = {art-crh, crh-1970}
    }

@article{Hemardinquer1073-1970,
    author = {Hemardinquer, Jean-Jacques},
    title = {Une correspondance de banquiers parisiens (1808-1815). Aspects sociaux politiques},
    journal = {Revue d'histoire moderne et contemporaine},
    year = 1970,
    language = {français},
    keywords = {art-crh, crh-1970}
    }

@article{Hemardinquer1075-1970,
    author = {Hemardinquer, Jean-Jacques},
    title = {Faut-il démythifier le porc familial d' Ancien Régime ?},
    journal = {Annales E.S.C.},
    year = 1970,
    language = {français},
    keywords = {art-crh, crh-1970}
    }

@article{LeGoff1080-1970,
    author = {Le Goff, Jacques},
    title = {Ordres mendiants et urbanisation au Moyen Age en France},
    journal = {Annales E.S.C.},
    year = 1970,
    language = {français},
    keywords = {art-crh, crh-1970}
    }

@article{LeRoyLadurie1082-1970,
    author = {Le Roy Ladurie, Emmanuel},
    title = {Pour une histoire de l'environnement : la part du climat},
    journal = {Annales E.S.C.},
    year = 1970,
    language = {français},
    keywords = {art-crh, crh-1970}
    }

@article{LeRoyLadurie1083-1970,
    author = {Le Roy Ladurie, Emmanuel and COUPERIE,P.},
    title = {Le mouvement des loyers parisiens de la fin du Moyen Age au XVIIIe siècle},
    journal = {Annales E.S.C.},
    year = 1970,
    language = {français},
    keywords = {art-crh, crh-1970}
    }

@article{Panagiotopoulos1085-1970,
    author = {Panagiotopoulos, B},
    title = {Les structures d'âge du personnel de l'Empire},
    journal = {Revue d'histoire moderne et contemporaine},
    year = 1970,
    language = {français},
    keywords = {art-crh, crh-1970}
    }

@article{Peter1087-1970,
    author = {Peter, Jean-Pierre},
    title = {Médecins, épidémies et société en France à la fin du XVIIIe siècle},
    journal = {Bulletin de la société d'histoire moderne},
    year = 1970,
    language = {français},
    keywords = {art-crh, crh-1970}
    }

@article{Pesez1089-1970,
    author = {Pesez, Jean-Marie and F. PIPONNIER and J. CHAPELOT},
    title = {Sources archéologiques et sources écrites : l'exemple de la céramique},
    journal = {Bulletin philologique et historique},
    year = 1970,
    language = {français},
    keywords = {art-crh, crh-1970}
    }

@article{Piponnier1091-1970,
    author = {Piponnier, Françoise and J.-M. PESEZ and J. CHAPELOT},
    title = {Sources archéologiques et sources écrites : l'exemple de la céramique},
    journal = {Bulletin philologique et historique},
    year = 1970,
    language = {français},
    keywords = {art-crh, crh-1970}
    }

@article{Rollet1096-1970,
    author = {Rollet, Catherine},
    title = {L'effet des crises économiques du début du XIXe siècle sur la population},
    journal = {Revue d'histoire moderne et contemporaine},
    year = 1970,
    language = {français},
    keywords = {art-crh, crh-1970}
    }

@article{Vidal-Naquet1098-1970,
    author = {Vidal-Naquet, Pierre},
    title = {Valeurs religieuses et mythiques de la terre et du sacrifice dans l'Odyssée},
    journal = {Annales E.S.C.},
    year = 1970,
    language = {français},
    keywords = {art-crh, crh-1970}
    }

@article{Antoniadis1100-1970,
    author = {Antoniadis-Bibicou, Hélène},
    title = {Le deuxième servage en Europe centrale et orientale},
    journal = {Recherches internationales à la lumière du marxisme},
    year = 1970,
    language = {français},
    keywords = {art-crh, crh-1970}
    }

@article{Lagarde1376-1970,
    author = {Lagarde, G},
    title = {Les sources de l'histoire des ordres mendiants conservées aux Archives Nationales},
    journal = {Annales E.S.C.},
    year = 1970,
    language = {français},
    keywords = {art-crh, crh-1970}
    }

@book{Arbellot1045-1970,
    author = {Arbellot, Guy},
    title = {La cartographie statistique automatique appliquée à l'histoire. Une expérience sur 332 villes et villages de Haute Champagne aux XVIIe et XVIIIe siècles},
    publisher = {S.E.V.P.E.N.},
    series = {},
    location = {Paris},
    year = 1970,
    pagetotal = {},
    language = {français},
    keywords = {book-crh, crh-1970}
    }

@book{Chaussinand1051-1970,
    author = {Chaussinand-Nogaret, Guy},
    title = {Les financiers de Languedoc au XVIIIe siècle},
    publisher = {},
    series = {},
    location = {Paris},
    year = 1970,
    pagetotal = {},
    language = {français},
    keywords = {book-crh, crh-1970}
    }

@book{Dupront1061-1970,
    author = {Dupront, Alphonse},
    title = {Unité des chrétiens et unité de l'Europe dans la période moderne},
    publisher = {},
    series = {},
    location = {Moscou},
    year = 1970,
    pagetotal = {},
    language = {français},
    keywords = {book-crh, crh-1970}
    }

@book{Dupront1062-1970,
    author = {Dupront, Alphonse},
    title = {Langage et Histoire},
    publisher = {},
    series = {},
    location = {Moscou},
    year = 1970,
    pagetotal = {},
    language = {français},
    keywords = {book-crh, crh-1970}
    }

@book{Pesez1088-1970,
    author = {Pesez, Jean-Marie},
    title = {Archéologie du village déserté},
    publisher = {Cahiers des Annales n° 27},
    series = {},
    location = {Paris},
    year = 1970,
    pagetotal = {},
    language = {français},
    keywords = {book-crh, crh-1970}
    }

@inproceedings{Antoniadis1043-1970,
    author = {Antoniadis-Bibicou, Hélène},
    editor = {},
    title = {Vocabulaire maritime et puissance navale en Méditerranée orientale au Moyen Age, d'après quelques textes grecs},
    booktitle = {Actes du Vie colloque international d'histoire maritime, Venise, septembre 1962, Mediterraneo e Oceano indiano},
    publisher = {},
    location = {Florence},
    year = 1970,
    pagetotal = {},
    language = {français},
    keywords = {inproceedings-crh, crh-1970}
    }

@inproceedings{Dupaquier1059-1970,
    author = {Dupaquier, Jacques},
    editor = {},
    title = {Le peuplement de l'élection de Tours du XVIIe au XVIIIe siècles},
    booktitle = {Actes des sociétés savantes, Tours 1970},
    publisher = {},
    location = {},
    year = 1970,
    pagetotal = {},
    language = {français},
    keywords = {inproceedings-crh, crh-1970}
    }

@inproceedings{Hemardinquer1072-1970,
    author = {Hemardinquer, Jean-Jacques},
    editor = {},
    title = {Un atlas des 'voyages de plantes' (cultures vivrières)},
    booktitle = {Actes du 93e Congrès national des sociétés savantes},
    publisher = {},
    location = {},
    year = 1970,
    pagetotal = {},
    language = {français},
    keywords = {inproceedings-crh, crh-1970}
    }

@inproceedings{Roche1093-1970,
    author = {Roche, Daniel},
    editor = {},
    title = {Théâtre et société dans l'Europe du XVIe et du XVIIe siècles},
    booktitle = {Colloque Dramaturgie et société, Nancy 14-21 avril 1967},
    publisher = {},
    location = {},
    year = 1970,
    pagetotal = {},
    language = {français},
    keywords = {inproceedings-crh, crh-1970}
    }

@inreference{Peter983-1970,
    author = {Peter, Jean-Pierre},
    editor = {},
    title = {Article 'Dreyfus (Affaire )'},
    booktitle = {Encyclopaedia Universalis},
    publisher = {Encyclopaedia Universalis},
    series = {},
    location = {Paris},
    year = 1970,
    pagetotal = {},
    language = {français},
    keywords = {dict-crh, crh-1970}
    }

@proceedings{Furet1065-1970,
    editor = {Furet, François},
    editortype = {dir.},
    title = {Livre et société dans la France du XVIIIe siècle},
    booktitle = {Livre et société dans la France du XVIIIe siècle},
    publisher = {Mouton},
    location = {Paris},
    year = 1970,
    pagetotal = {},
    language = {français},
    keywords = {proceedings-crh, crh-1970}
    }

@incollection{Flandrin444-1970,
    author = {Flandrin, Maria and Jean-Louis Flandrin},
    editor = {F.Furet},
    title = {La circulation du livre dans la société du XVIIIe siècle},
    booktitle = {Livre et Société dans la France du XVIIIe siècle},
    publisher = {Mouton},
    location = {Paris-La Haye},
    year = 1970,
    pagetotal = {},
    language = {français},
    keywords = {collectif-crh, crh-1970}
    }

@incollection{Jeannin553-1970,
    author = {Jeannin, Pierre},
    editor = {Charles Samaran},
    title = {Les pays scandinaves},
    booktitle = {Les hommes d'Etat célèbres. III: De al première croisade à la découverte de l'Amérique},
    publisher = {},
    location = {Paris},
    year = 1970,
    pagetotal = {8},
    language = {français},
    keywords = {collectif-crh, crh-1970}
    }

@incollection{Launay1077-1970,
    author = {Launay, Michel},
    editor = {?},
    title = {L'éducation politique d'un enfant du peuple : le fils de l'horloger (1712-1728)},
    booktitle = {Au siècle des Lumières},
    publisher = {},
    location = {Paris/Moscou},
    year = 1970,
    pagetotal = {},
    language = {français},
    keywords = {collectif-crh, crh-1970}
    }

@incollection{Roche1094-1970,
    author = {Roche, Daniel},
    editor = {F.Furet},
    title = {Encyclopédistes et académiciens, essai sur la diffusion sociale des Lumières},
    booktitle = {Livre et société dans la France du XVIIIe siècle},
    publisher = {Mouton},
    location = {Paris},
    year = 1970,
    pagetotal = {},
    language = {français},
    keywords = {collectif-crh, crh-1970}
    }

@incollection{Roncayolo1097-1970,
    author = {Roncayolo, Marcel and J. Ceaux},
    editor = {?},
    title = {Informatique et localisation des activités économiques},
    booktitle = {Informatique et aménagement du territoire},
    publisher = {},
    location = {},
    year = 1970,
    pagetotal = {},
    language = {français},
    keywords = {collectif-crh, crh-1970}
    }

@book{Beutler892-1970,
    author = {Beutler, Corinne},
    title = {Vilfredo Pareto, La transformation de la démocratie},
    publisher = {},
    series = {},
    location = {},
    year = 1970,
    pagetotal = {},
    language = {français},
    keywords = {edition-txt-crh, crh-1970}
    }

@incollection{Launay1078-1970,
    author = {Launay, Michel},
    editor = {},
    title = {Analyse linguistique et analyse du contenu du 'Projet de Constitution pour la Corse' de J.-J. Rousseau},
    booktitle = {Projet de Constitution pour la Corse de J.J.Rousseau},
    publisher = {publications du Centre d'histoire de la Méditerranée},
    series = {},
    location = {Nice},
    year = 1970,
    pagetotal = {},
    language = {français},
    keywords = {art-rapport-crh, crh-1970}
    }

