@article{Schnapper255-1971,
    author = {Schnapper, Dominique},
    title = {Distance au rôle et comportements quotidiens dans la haute fonction publique},
    journal = {Annuaire de l'Administration},
    year = 1971,
    language = {français},
    keywords = {art-crh, crh-1971}
    }

@article{Jeannin959-1971,
    author = {Jeannin, Pierre},
    title = {Zur Geschichte der Hamburger Handelsflotte am Ende des 17. Jahrhunderts},
    journal = {Zeitschrift des Vereins für Hamburgische Geschichte},
    year = 1971,
    language = {allemand},
    keywords = {art-crh, crh-1971}
    }

@article{Jeannin960-1971,
    author = {Jeannin, Pierre},
    title = {Die Hansestädte im europaïschen Handel des 18. Jahrhunderts},
    journal = {Hansische Geschichtsblätter},
    year = 1971,
    language = {allemand},
    keywords = {art-crh, crh-1971}
    }

@article{Jeannin962-1971,
    author = {Jeannin, Pierre},
    title = {Nederlandse rekeningen in de tolregisters von Koningsbergen},
    journal = {Bijdragen en Mededelingen betreffende de Geschiedenis der Nederlanden},
    year = 1971,
    language = {hollandais},
    keywords = {art-crh, crh-1971}
    }

@article{Schnapper992-1971,
    author = {Schnapper, Dominique},
    title = {Taille et effet de la taille dans la haute fonction publique},
    journal = {Sociologie du Travail},
    year = 1971,
    language = {français},
    keywords = {art-crh, crh-1971}
    }

@article{Schnapper993-1971,
    author = {Schnapper, Dominique},
    title = {Un point de vue sur la haute fonction publique},
    journal = {Revue Administrative},
    year = 1971,
    language = {français},
    keywords = {art-crh, crh-1971}
    }

@article{Antoniadis1044-1971,
    author = {Antoniadis-Bibicou, Hélène},
    title = {Problèmes d'histoire économique du XIe siècle : démographie, salaires et prix à Byzance},
    journal = {Annales E.S.C.},
    year = 1971,
    language = {français},
    keywords = {art-crh, crh-1971}
    }

@article{Baulant1046-1971,
    author = {Baulant, Micheline},
    title = {Les salaires des ouvriers du bâtiment à Paris de 1400 à 1726},
    journal = {Annales E.S.C.},
    year = 1971,
    language = {français},
    keywords = {art-crh, crh-1971}
    }

@article{Courbin1055-1971,
    author = {Courbin, Paul},
    title = {Evolution des méthodes de fouilles françaises dans le monde depuis 15 ans},
    journal = {Archéologia},
    year = 1971,
    language = {français},
    keywords = {art-crh, crh-1971}
    }

@article{Furet1066-1971,
    author = {Furet, François},
    title = {L'histoire quantitative et la construction du fait historique},
    journal = {Annales E.S.C.},
    year = 1971,
    language = {français},
    keywords = {art-crh, crh-1971}
    }

@article{Furet1068-1971,
    author = {Furet, François},
    title = {Quantitative history},
    journal = {Daedalus},
    year = 1971,
    language = {anglais},
    keywords = {art-crh, crh-1971}
    }

@article{LeGoff1079-1971,
    author = {Le Goff, Jacques},
    title = {Is politics still the backbone of History ?},
    journal = {Daedalus},
    year = 1971,
    language = {anglais},
    keywords = {art-crh, crh-1971}
    }

@article{LeGoff1081-1971,
    author = {Le Goff, Jacques},
    title = {Les constructions navales en France pendant la seconde moitié du XVIIIe siècle},
    journal = {Annales E.S.C.},
    year = 1971,
    language = {français},
    keywords = {art-crh, crh-1971}
    }

@article{LeRoyLadurie1084-1971,
    author = {Le Roy Ladurie, Emmanuel and DUMONT,P.},
    title = {Quantitative and cartographical exploitation of French military archives, 1819-1826},
    journal = {Deadalus},
    year = 1971,
    language = {anglais},
    keywords = {art-crh, crh-1971}
    }

@article{Peter1086-1971,
    author = {Peter, Jean-Pierre},
    title = {Le corps du délit, étude sur les représentations médicales du corps du XVIIe au XIXe siècles},
    journal = {Nouvelle revue de psychanalyse},
    year = 1971,
    language = {français},
    keywords = {art-crh, crh-1971}
    }

@article{Roche1095-1971,
    author = {Roche, Daniel},
    title = {Les primitifs du Rousseauisme : une analyse sociologique et quantitative de la correspondance de J.-J. Rousseau},
    journal = {Annales E.S.C.},
    year = 1971,
    language = {français},
    keywords = {art-crh, crh-1971}
    }

@article{Baulant1101-1971,
    author = {Baulant, Micheline},
    title = {Le salaire des ouvriers du bâtiment à Paris de 1400 à 1726},
    journal = {Annales E.S.C.},
    year = 1971,
    language = {français},
    keywords = {art-crh, crh-1971}
    }

@article{Bergeron1102-1971,
    author = {Bergeron, Louis},
    title = {Les financiers de Languedoc au XVIIIe siècle (note critique)},
    journal = {Annales E.S.C.},
    year = 1971,
    language = {français},
    keywords = {art-crh, crh-1971}
    }

@article{Bergeron1104-1971,
    author = {Bergeron, Louis and CHAUSSINAND-NOGARET,G. and FORSTER,R.},
    title = {Les notables du Grand Empire},
    journal = {Annales E.S.C.},
    year = 1971,
    language = {français},
    keywords = {art-crh, crh-1971}
    }

@article{Besancon1105-1971,
    author = {Besancon, Alain},
    title = {Le premier livre de la Sorcière},
    journal = {Annales E.S.C.},
    year = 1971,
    language = {français},
    keywords = {art-crh, crh-1971}
    }

@article{Beutler1106-1971,
    author = {Beutler, Corinne},
    title = {Bâtiments et salaires : un chantier à Saint-Germain-des-Prés de 1644 à 1646},
    journal = {Annales E.S.C.},
    year = 1971,
    language = {français},
    keywords = {art-crh, crh-1971}
    }

@article{Braunstein1107-1971,
    author = {Braunstein, Philippe},
    title = {A propos de l'Adriatique, entre le XVIe et le XVIIIe siècles},
    journal = {Annales E.S.C.},
    year = 1971,
    language = {français},
    keywords = {art-crh, crh-1971}
    }

@article{Chaussinand1110-1971,
    author = {Chaussinand, Guy and BERGERON,L. and FORSTER,R.},
    title = {Les notables du Grand Empire},
    journal = {Annales E.S.C.},
    year = 1971,
    language = {français},
    keywords = {art-crh, crh-1971}
    }

@article{Detienne1115-1971,
    author = {Detienne, Marcel},
    title = {Athéna and the Mastery of the Horse},
    journal = {History of Religion},
    year = 1971,
    language = {anglais},
    keywords = {art-crh, crh-1971}
    }

@article{Dumont1116-1971,
    author = {Dumont, Paul and LE ROY LADURIE,E.},
    title = {Quantitative and cartographical exploitation of French military Archives 1819-1826},
    journal = {Daedalus},
    year = 1971,
    language = {anglais},
    keywords = {art-crh, crh-1971}
    }

@article{Dupront1117-1971,
    author = {Dupront, A},
    title = {De l'église aux temps modernes},
    journal = {Revue d'Histoire Ecclésiastique},
    year = 1971,
    language = {français},
    keywords = {art-crh, crh-1971}
    }

@article{Furet1118-1971,
    author = {Furet, François},
    title = {Histoire quantitative et construction du fait historique},
    journal = {Annales E.S.C.},
    year = 1971,
    language = {français},
    keywords = {art-crh, crh-1971}
    }

@article{Furet1119-1971,
    author = {Furet, François},
    title = {Le catéchisme de la Révolution française},
    journal = {Annales E.S.C.},
    year = 1971,
    language = {français},
    keywords = {art-crh, crh-1971}
    }

@article{LeGoff1124-1971,
    author = {Le Goff, Jacques and LE ROY LADURIE,E.},
    title = {Mélusine maternelle et défricheuse},
    journal = {Annales E.S.C.},
    year = 1971,
    language = {français},
    keywords = {art-crh, crh-1971}
    }

@article{LeRoyLadurie1125-1971,
    author = {Le Roy Ladurie, Emmanuel and LE GOFF,J.},
    title = {Mélusine maternelle et défricheuse},
    journal = {Annales E.S.C.},
    year = 1971,
    language = {français},
    keywords = {art-crh, crh-1971}
    }

@article{Lyotard1127-1971,
    author = {Lyotard, L},
    title = {L'analyse formelle des textes antiques une étude préliminaire},
    journal = {Annales E.S.C.},
    year = 1971,
    language = {français},
    keywords = {art-crh, crh-1971}
    }

@article{Peter1128-1971,
    author = {Peter, Jean-Pierre},
    title = {Les mots et les objets de la maladie},
    journal = {Revue historique},
    year = 1971,
    language = {français},
    keywords = {art-crh, crh-1971}
    }

@article{Vernant1136-1971,
    author = {Vernant, J.-P},
    title = {Métis et les mythes de souveraineté},
    journal = {Revue de l'Histoire des Religions},
    year = 1971,
    language = {français},
    keywords = {art-crh, crh-1971}
    }

@article{Vidalnaquet1139-1971,
    author = {Vidalnaquet, Pierre},
    title = {Bibliographie ajoutée au livre de M.-I. Finley},
    journal = {Les Anciens Grecs},
    year = 1971,
    language = {français},
    keywords = {art-crh, crh-1971}
    }

@article{Vidalnaquet1143-1971,
    author = {Vidalnaquet, Pierre},
    title = {Le 'Philoctète' de Sophocle et l'éphébe},
    journal = {Annales E.S.C.},
    year = 1971,
    language = {français},
    keywords = {art-crh, crh-1971}
    }

@article{Wachtel1144-1971,
    author = {Wachtel, Nathan},
    title = {Pensée sauvage et acculturation : l'espace et le temps chez Felipe Guamon Poma-- Ayala et l'Inca Garcilaso de la Vega},
    journal = {Annales E.S.C.},
    year = 1971,
    language = {français},
    keywords = {art-crh, crh-1971}
    }

@article{Pesez5638-1971,
    author = {Pesez, Jean-Marie},
    title = {Le village médiéval},
    journal = {Archéologie médiévale},
    year = 1971,
    language = {français},
    keywords = {art-crh, crh-1971}
    }

@article{Guillou5655-1971,
    author = {Guillou, André},
    title = {La Tourma des Salines dans le thème de Calabre; Inscriptions du duché de Rome},
    journal = {Mélanges de l'Ecole de Rome},
    year = 1971,
    language = {français},
    keywords = {art-crh, crh-1971}
    }

@book{Schnapper994-1971,
    author = {Schnapper, Dominique},
    title = {L'Italie Rouge et Noire, essai sur les modèles culturels de la vie quotidienne à Bologne},
    publisher = {Gallimard},
    series = {},
    location = {Paris},
    year = 1971,
    pagetotal = {},
    language = {français},
    keywords = {book-crh, crh-1971}
    }

@book{Daumas1057-1971,
    author = {Daumas, M},
    title = {Documents pour l'histoire des techniques},
    publisher = {Centre de Documentation d'Histoire des Techniques},
    series = {},
    location = {Paris},
    year = 1971,
    pagetotal = {},
    language = {français},
    keywords = {book-crh, crh-1971}
    }

@book{Hemardinquer1076-1971,
    author = {Hemardinquer, Jean-Jacques and W. RANDLES and J.BERTIN and  M.KEUL},
    title = {Inventaire géographique et chronologique pour un atlas d'histoire mondiale. I : Les cultures vivrières},
    publisher = {Mouton},
    series = {},
    location = {Paris},
    year = 1971,
    pagetotal = {},
    language = {français},
    keywords = {book-crh, crh-1971}
    }

@book{Piponnier1090-1971,
    author = {Piponnier, Françoise},
    title = {Costume et vie sociale : la Cour d'Anjou au XIVe-XVe siècles},
    publisher = {Mouton},
    series = {},
    location = {Paris},
    year = 1971,
    pagetotal = {},
    language = {français},
    keywords = {book-crh, crh-1971}
    }

@book{Randles1092-1971,
    author = {Randles, William and J.BERTIN and J.-J. HEMARDINQUER and M.KEUL},
    title = {Inventaire géographique et chronologique pour un atlas d'histoire mondiale. I : Les cultures vivrières},
    publisher = {Mouton},
    series = {},
    location = {Paris},
    year = 1971,
    pagetotal = {},
    language = {français},
    keywords = {book-crh, crh-1971}
    }

@book{Detienne1114-1971,
    author = {Detienne, Marcel},
    title = {Les Jardins d'Adonis : la mythologie des aromates en Grèce},
    publisher = {Gallimard},
    series = {( Bibliothèque des Histoires)},
    location = {Paris},
    year = 1971,
    pagetotal = {},
    language = {français},
    keywords = {book-crh, crh-1971}
    }

@inproceedings{Desaive1112-1971,
    author = {Desaive, Jean-Paul},
    editor = {},
    title = {L'alimentation populaire d'après les archives de l'académie de Médecine (1774-1794)},
    booktitle = {Actes du 93e Congrès des sociétés savantes (Tours, 1968)},
    publisher = {},
    location = {},
    year = 1971,
    pagetotal = {},
    language = {français},
    keywords = {inproceedings-crh, crh-1971}
    }

@inproceedings{Hemardinquer1122-1971,
    author = {Hemardinquer, Jean-Jacques},
    editor = {},
    title = {Un entrepreneur de défrichements au XVIIe siècle : Daniel Nésep},
    booktitle = {Actes du congrès national des sociétés savantes, Pau, 1969},
    publisher = {},
    location = {Paris},
    year = 1971,
    pagetotal = {15},
    language = {français},
    keywords = {inproceedings-crh, crh-1971}
    }

@proceedings{Hemardinquer1071-1971,
    editor = {Hemardinquer, Jean-Jacques},
    editortype = {dir.},
    title = {Pour une histoire de l'alimentation},
    booktitle = {Pour une histoire de l'alimentation},
    publisher = {Armand Colin},
    location = {Paris},
    year = 1971,
    pagetotal = {},
    language = {français},
    keywords = {proceedings-crh, crh-1971}
    }

@incollection{Jeannin552-1971,
    author = {Jeannin, Pierre},
    editor = {Victor L. Tapié},
    title = {Les pays scandinaves},
    booktitle = {Les hommes d'Etat célèbres. IV: De la découverte de l'Amérique à la Révolution française},
    publisher = {},
    location = {Paris},
    year = 1971,
    pagetotal = {21},
    language = {français},
    keywords = {collectif-crh, crh-1971}
    }

@incollection{Hemardinquer876-1971,
    author = {Hemardinquer, Jean-Jacques},
    editor = {Marc Ferro},
    title = {Alimentation et faim},
    booktitle = {L'histoire, 1870-1970},
    publisher = {Denoël},
    location = {Paris},
    year = 1971,
    pagetotal = {},
    language = {français},
    keywords = {collectif-crh, crh-1971}
    }

@incollection{Vernant1135-1971,
    author = {Vernant, J.-P},
    editor = {},
    title = {préface},
    booktitle = {Les jardins d'Adonis : la mythologie des aromates en Grèce},
    publisher = {Gallimard},
    location = {Paris},
    year = 1971,
    pagetotal = {},
    language = {français},
    keywords = {preface-book-crh, crh-1971}
    }

@book{Beutler893-1971,
    author = {Beutler, Corinne},
    title = {Vilfredo Pareto, Le mythe vertuiste et la littérature immorale},
    publisher = {},
    series = {},
    location = {},
    year = 1971,
    pagetotal = {},
    language = {français},
    keywords = {edition-txt-crh, crh-1971}
    }

@book{Vernant1134-1971,
    author = {Vernant, J.-P},
    editor = {},
    title = {Mythe et Pensée en Grèce ancienne},
    publisher = {Maspero (Petite Collection)},
    series = {},
    location = {Paris},
    year = 1971,
    pagetotal = {},
    language = {français},
    addendum = {réédition},
    keywords = {reedition-crh, crh-1971}
    }

@book{Couturier1056-1971,
    author = {Couturier, Marcel},
    editor = {},
    title = {Système FORCOD. L'exploitation en FORCOD C},
    publisher = {},
    series = {},
    location = {},
    year = 1971,
    pagetotal = {},
    language = {français},
    keywords = {outil-recherche-crh, crh-1971}
    }

@book{Ozouf1126-1971,
    author = {Ozouf, Jacques},
    editor = {},
    title = {Vincent Auriol: Journal du Septennat, tome VII},
    publisher = {Armand Colin},
    series = {},
    location = {Paris},
    year = 1971,
    pagetotal = {},
    language = {français},
    keywords = {outil-recherche-crh, crh-1971}
    }

