@article{Asdrachas1256-1977,
    author = {Asdrachas, S},
    title = {Sociétés rurales balkaniques aux XVe-XVIe siècles : mouvements de la population et des revenus},
    journal = {Etudes Balkaniques},
    year = 1977,
    language = {français},
    keywords = {art-crh, crh-1977}
    }

@article{Braunstein1266-1977,
    author = {Braunstein, Philippe},
    title = {Remarques sur la population allemande de Venise à la fin du Moyen Age},
    journal = {Venezia centro dimediazione tra Oriente e Occidente (sec. XV-XVI), Aspetti e problemi},
    year = 1977,
    language = {français},
    keywords = {art-crh, crh-1977}
    }

@article{Chartier1293-1977,
    author = {Chartier, Roger},
    title = {Des livres par milliers},
    journal = {Annales E.S.C.},
    year = 1977,
    language = {français},
    keywords = {art-crh, crh-1977}
    }

@article{Chartier1294-1977,
    author = {Chartier, Roger and D. Roche},
    title = {L 'histoire quantitative du livre},
    journal = {Revue Française d'Histoire du Livre},
    year = 1977,
    language = {français},
    keywords = {art-crh, crh-1977}
    }

@article{Chartier1295-1977,
    author = {Chartier, Roger},
    title = {La noblesse et les Etats Généraux de 1614},
    journal = {Acta Poloniae Historica},
    year = 1977,
    language = {français},
    keywords = {art-crh, crh-1977}
    }

@article{Chaussinand1297-1977,
    author = {Chaussinand-Nogaret, Guy},
    title = {Nobles médecins et médecins de cour au XVIIIe siècle},
    journal = {Annales E.S.C.},
    year = 1977,
    language = {français},
    keywords = {art-crh, crh-1977}
    }

@article{Chaussinand1298-1977,
    author = {Chaussinand-Nogaret, Guy},
    title = {L'effectif nobiliaire à la fin de l'Ancien Régime. Dictionnaire de la noblesse française},
    journal = {Contrepoint},
    year = 1977,
    language = {français},
    keywords = {art-crh, crh-1977}
    }

@article{Farge1321-1977,
    author = {Farge, Arlette},
    title = {Les artisans malades de leur travail},
    journal = {Annales E.S.C.},
    year = 1977,
    language = {français},
    keywords = {art-crh, crh-1977}
    }

@article{Farge1322-1977,
    author = {Farge, Arlette},
    title = {Un espace urbain obsédant : les commissaires et la rue à Paris au XVIIIe siècle},
    journal = {Révoltes logiques},
    year = 1977,
    language = {français},
    keywords = {art-crh, crh-1977}
    }

@article{Flandrin1323-1977,
    author = {Flandrin, Maria},
    title = {La noblesse parisienne face à la convocation des Etats Généraux en 1789},
    journal = {Acta Poloniae Historica},
    year = 1977,
    language = {français},
    keywords = {art-crh, crh-1977}
    }

@article{Furet1325-1977,
    author = {Furet, François and J. Ozouf},
    title = {L'alphabétisation des français : trois siècles de métissage culturel},
    journal = {Annales E.S.C.},
    year = 1977,
    language = {français},
    keywords = {art-crh, crh-1977}
    }

@article{Gauchet1327-1977,
    author = {Gauchet, Marcel},
    title = {La dette du sens et les racines de l'Etat, Politique de la religion primitive},
    journal = {Libre},
    year = 1977,
    language = {français},
    keywords = {art-crh, crh-1977}
    }

@article{Goubert1328-1977,
    author = {Goubert, Jean-Pierre},
    title = {Les Bretons de la 'Royale' dans la guerre d'Indépendance américaine},
    journal = {Annales de Bretagne et des Pays de l'Ouest},
    year = 1977,
    language = {français},
    keywords = {art-crh, crh-1977}
    }

@article{Goubert1329-1977,
    author = {Goubert, Jean-Pierre},
    title = {The extent of medical practice in France around, 1780},
    journal = {Journal of Social History},
    year = 1977,
    language = {anglais},
    keywords = {art-crh, crh-1977}
    }

@article{Goubert1330-1977,
    author = {Goubert, Jean-Pierre},
    title = {L'art de guérir. Médecine savante et médecine populaire dans la France 1790},
    journal = {Annales E.S.C.},
    year = 1977,
    language = {français},
    keywords = {art-crh, crh-1977}
    }

@article{Goy1333-1977,
    author = {Goy, Joseph},
    title = {Storie di vita e etnostoria : per un archivio orale della Francia contemporanea},
    journal = {Quaderni Storici},
    year = 1977,
    language = {italien},
    keywords = {art-crh, crh-1977}
    }

@article{Guillou1347-1977,
    author = {Guillou, André},
    title = {Lo svolgimento della giustizia nell'Italia meridionale sotto il Gran Conte Ruggero e il suo significato storico},
    journal = {Centro di studi normannosvevi},
    year = 1977,
    language = {italien},
    keywords = {art-crh, crh-1977}
    }

@article{Guillou1350-1977,
    author = {Guillou, André},
    title = {L'Europe centrale et balkanique au Moyen Age},
    journal = {Revue des Etudes Slaves},
    year = 1977,
    language = {français},
    keywords = {art-crh, crh-1977}
    }

@article{Guillou1351-1977,
    author = {Guillou, André},
    title = {La Sicile byzantine},
    journal = {Byzantinische Forschungen},
    year = 1977,
    language = {français},
    keywords = {art-crh, crh-1977}
    }

@article{Hemardinquer1360-1977,
    author = {Hemardinquer, Jean-Jacques},
    title = {Elevait - on des dindons à Romenay au XVIIe siècle ?},
    journal = {Le Romenayou},
    year = 1977,
    language = {français},
    keywords = {art-crh, crh-1977}
    }

@article{Jeorger1364-1977,
    author = {Jeorger, Muriel},
    title = {La structure hospitalière de la France au XVIIIe siècle},
    journal = {Annales E.S.C.},
    year = 1977,
    language = {français},
    keywords = {art-crh, crh-1977}
    }

@article{Lemay1389-1977,
    author = {Lemay, Edna},
    title = {L'Amérique dans les écrits d'un parisien franc-comtois : 1776-1795},
    journal = {Annales de Bretagne et des Pays de l'Ouest},
    year = 1977,
    language = {français},
    keywords = {art-crh, crh-1977}
    }

@article{Lemay1390-1977,
    author = {Lemay, Edna},
    title = {Thomas Hérier, a country surgeon outside Angoulême at the end of 18th century : a contribution to social history},
    journal = {Journal of Social History},
    year = 1977,
    language = {anglais},
    keywords = {art-crh, crh-1977}
    }

@article{Lemay1391-1977,
    author = {Lemay, Edna},
    title = {La composition du Tiers-Etat de l'Assemblée nationale constituante : les hommes de la continuité ?},
    journal = {Revue d'Histoire moderne et contemporaine},
    year = 1977,
    language = {français},
    keywords = {art-crh, crh-1977}
    }

@article{Piponnier1414-1977,
    author = {Piponnier, Françoise},
    title = {Equipements et techniques culinaires en Bourgogne au XIVe siècle},
    journal = {Bulletin philologique et historique année 1971},
    year = 1977,
    language = {français},
    keywords = {art-crh, crh-1977}
    }

@article{Pomian1429-1977,
    author = {Pomian, Krzysztof},
    title = {Comment l'Etat devient l'ennemi de tous},
    journal = {Esprit},
    year = 1977,
    language = {français},
    keywords = {art-crh, crh-1977}
    }

@article{Richet1434-1977,
    author = {Richet, Denis},
    title = {Elite et noblesse : la formation des grands serviteurs de l'Etat à la fin du XVIe siècle et au début du XVIIe siècle},
    journal = {Acta Poloniae Historica},
    year = 1977,
    language = {français},
    keywords = {art-crh, crh-1977}
    }

@article{Richet1435-1977,
    author = {Richet, Denis},
    title = {Les conflits religieux à Paris dans la seconde moitié du XVIe siècle},
    journal = {Annales E.S.C.},
    year = 1977,
    language = {français},
    keywords = {art-crh, crh-1977}
    }

@article{Schmitt1436-1977,
    author = {Schmitt, Jean-Claude},
    title = {Recueils franciscains d'exempla et nouvelles techniques intellectuelles},
    journal = {Bibliothèque de l'Ecole des Chartes},
    year = 1977,
    language = {français},
    keywords = {art-crh, crh-1977}
    }

@article{Schnapper1450-1977,
    author = {Schnapper, Dominique and D. Hanet},
    title = {The French Social Security Oral History Project : Philosophies, Goals and Methods},
    journal = {The Oral History Review},
    year = 1977,
    language = {anglais},
    keywords = {art-crh, crh-1977}
    }

@article{Schnapper1451-1977,
    author = {Schnapper, Dominique and D. Hanet},
    title = {Archives orales pour l'histoire de la Sécurité Sociale},
    journal = {Bulletin de Liaison du Comité pour l'histoire de la Sécurité Sociale},
    year = 1977,
    language = {français},
    keywords = {art-crh, crh-1977}
    }

@article{Tenenti1454-1977,
    author = {Tenenti, Branislava},
    title = {Sicurtà genovesi per Venezia nel decennio 1564-1572},
    journal = {Studi Veneziani},
    year = 1977,
    language = {italien},
    keywords = {art-crh, crh-1977}
    }

@article{Vincent1461-1977,
    author = {Vincent, Bernard},
    title = {Los Moriscos : de la conversion a la expulsion},
    journal = {Historia},
    year = 1977,
    language = {espagnol},
    keywords = {art-crh, crh-1977}
    }

@article{Vincent1462-1977,
    author = {Vincent, Bernard},
    title = {La cultura morisca},
    journal = {Historia},
    year = 1977,
    language = {espagnol},
    keywords = {art-crh, crh-1977}
    }

@article{Vincent1463-1977,
    author = {Vincent, Bernard},
    title = {Récents travaux de démographie historique en Espagne (XIVe-XVIIIe siècles)},
    journal = {Annales de Démographie Historique},
    year = 1977,
    language = {français},
    keywords = {art-crh, crh-1977}
    }

@article{Zysberg1470-1977,
    author = {Zysberg, André},
    title = {Politiques du bagne (1820-1850)},
    journal = {Annales Historiques de la Révolution Française},
    year = 1977,
    language = {français},
    keywords = {art-crh, crh-1977}
    }

@article{Zysberg1471-1977,
    author = {Zysberg, André},
    title = {Les fréjusiens et le recours à la justice seigneuriale au milieu du XVIIIe siècle},
    journal = {Annales du Sud-Est Varois},
    year = 1977,
    language = {français},
    keywords = {art-crh, crh-1977}
    }

@article{Sigaut1712-1977,
    author = {Sigaut, François},
    title = {Les hommes et leurs sols},
    journal = {Journal d'agriculture traditionnelle et de botanique},
    year = 1977,
    language = {français},
    keywords = {art-crh, crh-1977}
    }

@book{Furet1326-1977,
    author = {Furet, François and J. Ozouf},
    title = {Lire et écrire. L'alphabétisation des Français de Calvin à Jules Ferry},
    publisher = {Minuit},
    series = {},
    location = {Paris},
    year = 1977,
    pagetotal = {},
    language = {français},
    keywords = {book-crh, crh-1977}
    }

@book{Jeannin1361-1977,
    author = {Jeannin, Pierre},
    title = {Gekräuselt, gepudert, mit untadeliger Anmut. Hamburg und die französische Revolution},
    publisher = {},
    series = {},
    location = {Hambourg},
    year = 1977,
    pagetotal = {},
    language = {allemand},
    keywords = {book-crh, crh-1977}
    }

@book{Ozouf1400-1977,
    author = {Ozouf, Jacques and F. Furet},
    title = {Lire et écrire. L'alphabétisation des français de Calvin à Jules Ferry},
    publisher = {Minuit},
    series = {},
    location = {Paris},
    year = 1977,
    pagetotal = {},
    language = {français},
    keywords = {book-crh, crh-1977}
    }

@inproceedings{LeGoff32-1977,
    author = {Le Goff, Jacques},
    editor = {},
    title = {Le concile et la prise de conscience de l'espace de la Chrétienté},
    booktitle = {Actes du colloque : 1274, Année charnière : mutations et continuité},
    publisher = {CNRS},
    location = {Paris},
    year = 1977,
    pagetotal = {},
    language = {français},
    keywords = {inproceedings-crh, crh-1977}
    }

@inproceedings{Ribaucourt48-1977,
    author = {Ribaucourt, Colette},
    editor = {},
    title = {Le Concile de Lyon et les Conflits intérieurs des ordres mendiants},
    booktitle = {Colloque 1274, année charnière, mutations et continuités},
    publisher = {CNRS},
    location = {Paris},
    year = 1977,
    pagetotal = {},
    language = {français},
    keywords = {inproceedings-crh, crh-1977}
    }

@inproceedings{LeGoff62-1977,
    author = {Le Goff, Jacques and P. Toubert},
    editor = {},
    title = {Une histoire totale du Moyen Age est-elle possible ?},
    booktitle = {Actes du 100e congrès national des sociétés savantes},
    publisher = {},
    location = {},
    year = 1977,
    pagetotal = {},
    language = {français},
    keywords = {inproceedings-crh, crh-1977}
    }

@inproceedings{LeGoff64-1977,
    author = {Le Goff, Jacques},
    editor = {},
    title = {Le dossier des mendiants},
    booktitle = {Actes du colloque 1274 Année charnière : mutations et continuité},
    publisher = {CNRS},
    location = {Paris},
    year = 1977,
    pagetotal = {},
    language = {français},
    keywords = {inproceedings-crh, crh-1977}
    }

@inproceedings{Guillou1348-1977,
    author = {Guillou, André},
    editor = {},
    title = {Les actes grecs de la pratique juridique en Italie méridionale et en Sicile du IXe au XVe siècles},
    booktitle = {Colloques internationaux du C.N.R.S. , 1974},
    publisher = {},
    location = {},
    year = 1977,
    pagetotal = {5},
    language = {français},
    keywords = {inproceedings-crh, crh-1977}
    }

@inproceedings{Guillou1349-1977,
    author = {Guillou, André},
    editor = {},
    title = {Ecriture ou écritures des actes grecs de la pratique juridique du IVe au VIIIe siècle - Ecriture des 'oligogrammatoi' d'après leurs souscriptions (XIe-XVe siècles) - Valeur probatoire de l'acte écrit},
    booktitle = {Colloques internationaux du C.N.R.S. , 1974},
    publisher = {},
    location = {},
    year = 1977,
    pagetotal = {9},
    language = {français},
    keywords = {inproceedings-crh, crh-1977}
    }

@inproceedings{Guillou1352-1977,
    author = {Guillou, André},
    editor = {},
    title = {L'organisation ecclésiastique de l'Italie byzantine autour de 1050 : de la métropole aux églises privées},
    booktitle = {Atti della sesta settimana internazionale di studio, Milan 1974},
    publisher = {},
    location = {},
    year = 1977,
    pagetotal = {14},
    language = {français},
    keywords = {inproceedings-crh, crh-1977}
    }

@inproceedings{Guillou1354-1977,
    author = {Guillou, André},
    editor = {},
    title = {Longobardie, Byzantini e Normanni nell'Italia meridionale : continuità o frattura ?},
    booktitle = {Atti del secondo convegno internazionale di studio sulla civiltà rupestre medioevale nel Mezzogiorno d'Italia (Taranto 1973)},
    publisher = {},
    location = {},
    year = 1977,
    pagetotal = {39},
    language = {italien},
    keywords = {inproceedings-crh, crh-1977}
    }

@inproceedings{Hemardinquer1359-1977,
    author = {Hemardinquer, Jean-Jacques},
    editor = {},
    title = {Guerre aux châteaux (1675) : remarques sur l'affaire du Kergoat...},
    booktitle = {Actes du 97e Congrès... Nantes 1972...},
    publisher = {},
    location = {},
    year = 1977,
    pagetotal = {14},
    language = {français},
    keywords = {inproceedings-crh, crh-1977}
    }

@inproceedings{LeGoff1380-1977,
    author = {Le Goff, Jacques},
    editor = {},
    title = {Les gestes symboliques dans la vie sociale. Les gestes de la vassalité},
    booktitle = {Actes de la Settimana de Spolète sur le Symbolisme},
    publisher = {},
    location = {},
    year = 1977,
    pagetotal = {},
    language = {français},
    keywords = {inproceedings-crh, crh-1977}
    }

@inreference{LeGoff1381-1977,
    author = {Le Goff, Jacques},
    editor = {},
    title = {Article 'Arbeit'},
    booktitle = {Theologische Realenzyklopädie},
    publisher = {},
    series = {},
    location = {},
    year = 1977,
    pagetotal = {},
    language = {allemand},
    keywords = {dict-crh, crh-1977}
    }

@inreference{LeGoff1382-1977,
    author = {Le Goff, Jacques},
    editor = {},
    title = {Antico/Moderno},
    booktitle = {Enciclopedia Einaudi},
    publisher = {Einaudi},
    series = {},
    location = {Turin},
    year = 1977,
    pagetotal = {},
    language = {italien},
    keywords = {dict-crh, crh-1977}
    }

@inreference{LeGoff1383-1977,
    author = {Le Goff, Jacques},
    editor = {},
    title = {Calendario},
    booktitle = {Enciclopedia Einaudi},
    publisher = {Einaudi},
    series = {},
    location = {Turin},
    year = 1977,
    pagetotal = {},
    language = {italien},
    keywords = {dict-crh, crh-1977}
    }

@inreference{Pomian1427-1977,
    author = {Pomian, Krzysztof},
    editor = {},
    title = {Catastrofi},
    booktitle = {Enciclopedia Einaudi},
    publisher = {Einaudi},
    series = {},
    location = {Turin},
    year = 1977,
    pagetotal = {15},
    language = {italien},
    keywords = {dict-crh, crh-1977}
    }

@inreference{Pomian1428-1977,
    author = {Pomian, Krzysztof},
    editor = {},
    title = {Ciclo},
    booktitle = {Enciclopedia Einaudi},
    publisher = {Einaudi},
    series = {},
    location = {Turin},
    year = 1977,
    pagetotal = {59},
    language = {italien},
    keywords = {dict-crh, crh-1977}
    }

@proceedings{Goy2324-1977,
    editor = {Goy, Joseph and E. LE ROY LADURIE},
    editortype = {dir.},
    title = {Prestations paysannes, dîme et rentes foncières},
    booktitle = {Prestations paysannes, dîme et rentes foncières},
    publisher = {},
    location = {},
    year = 1977,
    pagetotal = {},
    language = {français},
    keywords = {proceedings-crh, crh-1977}
    }

@incollection{Braunstein1265-1977,
    author = {Braunstein, Philippe},
    editor = {},
    title = {Guerre, vivres et transports dans le Haut-Frioul en 1381},
    booktitle = {Mélanges H. Hassinger},
    publisher = {},
    location = {},
    year = 1977,
    pagetotal = {24},
    language = {français},
    keywords = {melanges-crh, crh-1977}
    }

@incollection{Lemay8-1977,
    author = {Lemay, Edna},
    editor = {?},
    title = {Thomas Hérier, a country surgeon outside Angoulême at the end of 18th century : a contribution to social history},
    booktitle = {Branca, The Medicine Show},
    publisher = {},
    location = {New York},
    year = 1977,
    pagetotal = {},
    language = {anglais},
    keywords = {collectif-crh, crh-1977}
    }

@incollection{Nahoum10-1977,
    author = {Nahoum, Véronique},
    editor = {F. Furet and J. Ozouf},
    title = {En Champagne : signatures au mariage (XVIIe-XVIIIe)},
    booktitle = {Lire et écrire},
    publisher = {Minuit},
    location = {Paris},
    year = 1977,
    pagetotal = {31},
    language = {français},
    keywords = {collectif-crh, crh-1977}
    }

@incollection{Aymard714-1977,
    author = {Aymard, Maurice},
    editor = {F.Braudel},
    title = {Migrations},
    booktitle = {La Méditerranée, t.1, L'espace et l'histoire (2e éd.)},
    publisher = {A.M.G.},
    location = {Paris},
    year = 1977,
    pagetotal = {},
    language = {français},
    keywords = {collectif-crh, crh-1977}
    }

@incollection{Netter879-1977,
    author = {Netter, Marie-Laurence},
    editor = {F. Furet and J. Ozouf},
    title = {L'alphabétisation dans la Seine et Marne au 18e siècle},
    booktitle = {Lire et écrire},
    publisher = {Minuit},
    location = {Paris},
    year = 1977,
    pagetotal = {28},
    language = {français},
    keywords = {collectif-crh, crh-1977}
    }

@incollection{Pasquet881-1977,
    author = {Pasquet, Yvonne},
    editor = {F. Furet and J. Ozouf},
    title = {L'alphabétisation dans la Vienne au 19e siècle},
    booktitle = {Lire et écrire},
    publisher = {Minuit},
    location = {Paris},
    year = 1977,
    pagetotal = {},
    language = {français},
    keywords = {collectif-crh, crh-1977}
    }

@incollection{Asdrachas1255-1977,
    author = {Asdrachas, S and N. Svoronos},
    editor = {?},
    title = {Grèce},
    booktitle = {Guide international d'histoire urbaine},
    publisher = {},
    location = {},
    year = 1977,
    pagetotal = {18},
    language = {français},
    keywords = {collectif-crh, crh-1977}
    }

@incollection{Daumard1312-1977,
    author = {Daumard, Adeline},
    editor = {?},
    title = {Diffusion et nature des placements à l'étranger dans les patrimoines des Français au XIXe siècle},
    booktitle = {La position internationale de la France. Aspects économiques et financiers, XIXe-XXe siècles},
    publisher = {Mouton},
    location = {Paris},
    year = 1977,
    pagetotal = {16},
    language = {français},
    keywords = {collectif-crh, crh-1977}
    }

@incollection{Demonet1315-1977,
    author = {Demonet, Michel},
    editor = {?},
    title = {L'agriculture en France d'après l'enquête de 1952},
    booktitle = {Pour une histoire de la statistique},
    publisher = {INSEE},
    location = {Paris},
    year = 1977,
    pagetotal = {},
    language = {français},
    keywords = {collectif-crh, crh-1977}
    }

@incollection{Jeannin1362-1977,
    author = {Jeannin, Pierre},
    editor = {H. Kellenbenz},
    title = {Le cuivre dans l'économie minière et métallurgique des régions vosgiennes},
    booktitle = {Schwerpunkte der Kupfer-produktion und des Kupferhandels in Europa 1500-1650},
    publisher = {},
    location = {},
    year = 1977,
    pagetotal = {22},
    language = {français},
    keywords = {collectif-crh, crh-1977}
    }

@incollection{Jeorger1363-1977,
    author = {Jeorger, Muriel},
    editor = {F.Furet and J.Ozouf},
    title = {L'alphabétisation dans l'ancien diocèse de Rouen au XVIIe et XVIIIe siècle},
    booktitle = {Lire et écrire},
    publisher = {Minuit},
    location = {Paris},
    year = 1977,
    pagetotal = {51},
    language = {français},
    keywords = {collectif-crh, crh-1977}
    }

@incollection{Klapisch1373-1977,
    author = {Klapisch, Christiane},
    editor = {?},
    title = {Déclin démographique et structure du ménage : l'exemple de Prato, fin XIVe-fin XVe siècles},
    booktitle = {Famille et parenté dans l'Occident médiéval},
    publisher = {},
    location = {Rome},
    year = 1977,
    pagetotal = {15},
    language = {français},
    keywords = {collectif-crh, crh-1977}
    }

@incollection{Klapisch1374-1977,
    author = {Klapisch, Christiane},
    editor = {?},
    title = {Exploitation démographique et anthroponymique du catasto florentin de 1427},
    booktitle = {Informatique et histoire médiévale},
    publisher = {},
    location = {Rome},
    year = 1977,
    pagetotal = {19},
    language = {français},
    keywords = {collectif-crh, crh-1977}
    }

@incollection{Aymard5462-1977,
    author = {Aymard, Maurice},
    editor = {F.Braudel},
    title = {Espaces},
    booktitle = {La Méditerranée},
    publisher = {A.M.G.},
    location = {Paris},
    year = 1977,
    pagetotal = {},
    language = {français},
    keywords = {collectif-crh, crh-1977}
    }

@article{Schnapper1449-1977,
    author = {Schnapper, Dominique},
    title = {Présentation},
    journal = {Ethnologie française},
    year = 1977,
    language = {français},
    keywords = {intro-journal-crh, crh-1977}
    }

@book{Julia1372-1977,
    author = {Julia, Dominique},
    editor = {},
    title = {Répertoire des visites pastorales de la France-première Série : Anciens diocèses jusqu'en 1790},
    publisher = {CNRS},
    series = {},
    location = {Paris},
    year = 1977,
    pagetotal = {},
    language = {français},
    keywords = {outil-recherche-crh, crh-1977}
    }

