@article{Burguiere1472-1979,
    author = {Burguiere, André},
    title = {Histoire d'une histoire: la naissance des Annales},
    journal = {Annales E.S.C.},
    year = 1979,
    language = {français},
    keywords = {art-crh, crh-1979}
    }

@article{Chartier1481-1979,
    author = {Chartier, Roger},
    title = {Une relecture politique de la Révolution française},
    journal = {Critique},
    year = 1979,
    language = {français},
    keywords = {art-crh, crh-1979}
    }

@article{Chartier1482-1979,
    author = {Chartier, Roger},
    title = {La mort dans l'histoire},
    journal = {Universalia},
    year = 1979,
    language = {français},
    keywords = {art-crh, crh-1979}
    }

@article{Chartier1484-1979,
    author = {Chartier, Roger and J.Revel},
    title = {Lucien Febvre et les sciences sociales},
    journal = {Historiens et géographes},
    year = 1979,
    language = {français},
    keywords = {art-crh, crh-1979}
    }

@article{Chartier1485-1979,
    author = {Chartier, Roger},
    title = {Student populations in the 18th century},
    journal = {The British Journal for 18th century studies},
    year = 1979,
    language = {anglais},
    keywords = {art-crh, crh-1979}
    }

@article{Chaussinand1491-1979,
    author = {Chaussinand-Nogaret, Guy},
    title = {La noblesse contre la monarchie absolue},
    journal = {L'Histoire},
    year = 1979,
    language = {français},
    keywords = {art-crh, crh-1979}
    }

@article{Chaussinand1492-1979,
    author = {Chaussinand-Nogaret, Guy},
    title = {Louis XV le mal aimé},
    journal = {L'Histoire},
    year = 1979,
    language = {français},
    keywords = {art-crh, crh-1979}
    }

@article{Courbin1495-1979,
    author = {Courbin, Paul},
    title = {La 5e campagne de fouille à Ras el Bassit},
    journal = {Annales archéologiques arabes de Syrie},
    year = 1979,
    language = {français},
    keywords = {art-crh, crh-1979}
    }

@article{Courbin1496-1979,
    author = {Courbin, Paul},
    title = {Tombes protohistoriques de Syrie et de Grèce},
    journal = {Revista do Museu Paulista},
    year = 1979,
    language = {portugais},
    keywords = {art-crh, crh-1979}
    }

@article{Couturier1499-1979,
    author = {Couturier, Marcel},
    title = {L'archéologie et la ville: problème de méthode},
    journal = {Bulletin de la société archéologique d'Eure-et-Loir},
    year = 1979,
    language = {français},
    keywords = {art-crh, crh-1979}
    }

@article{Descimon1510-1979,
    author = {Descimon, Robert},
    title = {Les quartiers de Paris du Moyen Age au 18e siècle},
    journal = {Annales E.S.C.},
    year = 1979,
    language = {français},
    keywords = {art-crh, crh-1979}
    }

@article{Descimon1511-1979,
    author = {Descimon, Robert},
    title = {La France moderne, quelle croissance?},
    journal = {Annales E.S.C.},
    year = 1979,
    language = {français},
    keywords = {art-crh, crh-1979}
    }

@article{Andreau1515-1979,
    author = {Andreau, Jean},
    title = {Les banqiers romains},
    journal = {L'Histoire},
    year = 1979,
    language = {français},
    keywords = {art-crh, crh-1979}
    }

@article{Aries1519-1979,
    author = {Aries, Philippe and J.B.Pontalis},
    title = {Entretien sur l'enfant},
    journal = {Nouvelle Revue de Psychanalyse},
    year = 1979,
    language = {français},
    keywords = {art-crh, crh-1979}
    }

@article{Aries1520-1979,
    author = {Aries, Philippe},
    title = {Le régionalisme. Perspective historique},
    journal = {Critères},
    year = 1979,
    language = {français},
    keywords = {art-crh, crh-1979}
    }

@article{Braunstein1549-1979,
    author = {Braunstein, Philippe},
    title = {Venise, le Pape et la censure},
    journal = {L'Histoire},
    year = 1979,
    language = {français},
    keywords = {art-crh, crh-1979}
    }

@article{Braunstein1551-1979,
    author = {Braunstein, Philippe},
    title = {L'agriculture médiévale hongroise},
    journal = {Etudes rurales},
    year = 1979,
    language = {français},
    keywords = {art-crh, crh-1979}
    }

@article{Braunstein1552-1979,
    author = {Braunstein, Philippe},
    title = {Le paysage rural au moyen âge},
    journal = {Etudes rurales},
    year = 1979,
    language = {français},
    keywords = {art-crh, crh-1979}
    }

@article{Braunstein1553-1979,
    author = {Braunstein, Philippe},
    title = {Les foires de Châlon à la fin du moyen âge: un entre-deux de l'histoire du commerce européen},
    journal = {Annales E.S.C.},
    year = 1979,
    language = {français},
    keywords = {art-crh, crh-1979}
    }

@article{Burguiere1560-1979,
    author = {Burguiere, André},
    title = {Endogamie et communauté villageoise: pratique matrimoniale à Romainville au 18e siècle},
    journal = {Annales de démographie historique},
    year = 1979,
    language = {français},
    keywords = {art-crh, crh-1979}
    }

@article{Froeschle1563-1979,
    author = {Froeschle-Chopard, Marie-Hélène},
    title = {Pour une cartographie des lieux de culte},
    journal = {Revue d'histoire de l'Eglise de France},
    year = 1979,
    language = {français},
    keywords = {art-crh, crh-1979}
    }

@article{Gauchet1569-1979,
    author = {Gauchet, Marcel},
    title = {De l'avènement de l'individu à la découverte de la société},
    journal = {Annales E.S.C.},
    year = 1979,
    language = {français},
    keywords = {art-crh, crh-1979}
    }

@article{Goy1576-1979,
    author = {Goy, Joseph},
    title = {L'histoire de la culture matérielle en France: progrès récents et recherches futures},
    journal = {Bulletin histoire culture matérielle du Canada},
    year = 1979,
    language = {français},
    keywords = {art-crh, crh-1979}
    }

@article{Goy1577-1979,
    author = {Goy, Joseph},
    title = {Enseignement religieux, contre-enseignement politique},
    journal = {H.Histoire},
    year = 1979,
    language = {français},
    keywords = {art-crh, crh-1979}
    }

@article{Guillou1585-1979,
    author = {Cohen, Yves},
    title = {Kronika Simeona Logotheta. Biljeske o vizantisko-staroslavenskom rijecniku},
    journal = {Revue des études slaves},
    year = 1979,
    language = {roumain},
    keywords = {art-crh, crh-1979}
    }

@article{Guillou1587-1979,
    author = {Guillou, André},
    title = {Trasformazioni delle strutture socio-economiche nel mondo bizantino dal VI all'VIII secolo},
    journal = {Quaderni Medievali},
    year = 1979,
    language = {italien},
    keywords = {art-crh, crh-1979}
    }

@article{Hemardinquer1590-1979,
    author = {Hemardinquer, Jean-Jacques},
    title = {Vieusseux critique de la Suisse},
    journal = {Revue suisse d'histoire},
    year = 1979,
    language = {français},
    keywords = {art-crh, crh-1979}
    }

@article{Hemardinquer1592-1979,
    author = {Hemardinquer, Jean-Jacques},
    title = {Aux origines de la bibliothèque d'histoire du protestantisme: le legs André},
    journal = {Bulletin société Hist. du protestantisme français},
    year = 1979,
    language = {français},
    keywords = {art-crh, crh-1979}
    }

@article{Jouhaud1595-1979,
    author = {Jouhaud, Christian},
    title = {Geoffroy Guy: une lecture de la Fronde bordelaise},
    journal = {Annales du Midi},
    year = 1979,
    language = {français},
    keywords = {art-crh, crh-1979}
    }

@article{Julia1598-1979,
    author = {Julia, Dominique and W.Frijhoff},
    title = {Les Oratoriens de France sous l'Ancien Régime. Premiers résultats d'une enquête},
    journal = {Revue d'histoire de l'Eglise de France},
    year = 1979,
    language = {français},
    keywords = {art-crh, crh-1979}
    }

@article{Julia1599-1979,
    author = {Julia, Dominique and D.Mc Kee},
    title = {Crises en Champagne (au 17e siècle)},
    journal = {L'Histoire},
    year = 1979,
    language = {français},
    keywords = {art-crh, crh-1979}
    }

@article{Julliard1603-1979,
    author = {Julliard, Jacques},
    title = {La quadrature du centre},
    journal = {H.Histoire},
    year = 1979,
    language = {français},
    keywords = {art-crh, crh-1979}
    }

@article{Julliard1604-1979,
    author = {Julliard, Jacques},
    title = {Les quatre France},
    journal = {H.Histoire},
    year = 1979,
    language = {français},
    keywords = {art-crh, crh-1979}
    }

@article{Klapisch1606-1979,
    author = {Klapisch-Zuber, Christiane},
    title = {Zacharie ou le père évincé. Les rituels nuptiaux toscans entre Giotto et le concile de Trente},
    journal = {Annales E.S.C.},
    year = 1979,
    language = {français},
    keywords = {art-crh, crh-1979}
    }

@article{Lagarce1614-1979,
    author = {Lagarce, Jacques},
    title = {Rapport préliminaire sur la troisième campagne de fouilles (1977) à Ibn Hani (Syrie)},
    journal = {Syria},
    year = 1979,
    language = {français},
    keywords = {art-crh, crh-1979}
    }

@article{LeGoff1625-1979,
    author = {Le Goff, Jacques},
    title = {Images de l'enfant léguées par le moyen âge},
    journal = {Cahiers franco-polonais},
    year = 1979,
    language = {français},
    keywords = {art-crh, crh-1979}
    }

@article{LeGoff1627-1979,
    author = {Le Goff, Jacques},
    title = {Les trois fonctions indo-européennes, l'historien et l'Europe féodale},
    journal = {Annales E.S.C.},
    year = 1979,
    language = {français},
    keywords = {art-crh, crh-1979}
    }

@article{Dupaquier1639-1979,
    author = {Dupaquier, Jacques},
    title = {Paysage et société: le Vexin français au 18e siècle},
    journal = {Mémoires société historique et archéologique de  Pontoise},
    year = 1979,
    language = {français},
    keywords = {art-crh, crh-1979}
    }

@article{Dupaquier1640-1979,
    author = {Dupaquier, Jacques},
    title = {Le vieillissement de la population française: une vieille histoire, méconnue des historiens},
    journal = {Après-demain},
    year = 1979,
    language = {français},
    keywords = {art-crh, crh-1979}
    }

@article{Dupaquier1641-1979,
    author = {Dupaquier, Jacques},
    title = {Braconnage et droit de chasse dans le Vexin français à la veille de la Révolution},
    journal = {Mémoires société historique et archéologique de  Pontoise},
    year = 1979,
    language = {français},
    keywords = {art-crh, crh-1979}
    }

@article{Farge1644-1979,
    author = {Farge, Arlette},
    title = {Les servantes au 18e siècle},
    journal = {Révoltes logiques},
    year = 1979,
    language = {français},
    keywords = {art-crh, crh-1979}
    }

@article{Farge1645-1979,
    author = {Farge, Arlette and A.Zysberg},
    title = {Les théâtres de la violence à Paris au 18e siècle},
    journal = {Annales E.S.C.},
    year = 1979,
    language = {français},
    keywords = {art-crh, crh-1979}
    }

@article{LeMee1646-1979,
    author = {Le Mee, René},
    title = {La statistique démographique officielle de 1815 à 1870 en France},
    journal = {Annales de démographie historique},
    year = 1979,
    language = {français},
    keywords = {art-crh, crh-1979}
    }

@article{LeMee1647-1979,
    author = {Le Mee, René and C.Motte},
    title = {Etude de démographie historique. Monographies paroissiales. Essai de bibliographie},
    journal = {Démographie historique. Bulletin d'information},
    year = 1979,
    language = {français},
    keywords = {art-crh, crh-1979}
    }

@article{Merino1648-1979,
    author = {Merino, J.P. and A.Gonzalez},
    title = {Public sector and economic growth in eighteenth century Spain},
    journal = {The journal of european economic history},
    year = 1979,
    language = {anglais},
    keywords = {art-crh, crh-1979}
    }

@article{Merino1649-1979,
    author = {Merino, J.P.},
    title = {L'importance de l'exploration au siècle des Lumières},
    journal = {Cuadernos de investigacion historica},
    year = 1979,
    language = {français},
    keywords = {art-crh, crh-1979}
    }

@article{Motte1651-1979,
    author = {Motte, Claude and R.Le Mée},
    title = {Etudes de démographie historique: monographies paroissiales. Essai de bibliographie},
    journal = {Démographie historique. Bulletin d'information},
    year = 1979,
    language = {français},
    keywords = {art-crh, crh-1979}
    }

@article{Nahoum1652-1979,
    author = {Nahoum-Grappe, Véronique},
    title = {La belle femme},
    journal = {Communications},
    year = 1979,
    language = {français},
    keywords = {art-crh, crh-1979}
    }

@article{Nora1656-1979,
    author = {Nora, Pierre},
    title = {Les autre coins de la mémoire française},
    journal = {H.Histoire},
    year = 1979,
    language = {français},
    keywords = {art-crh, crh-1979}
    }

@article{Ozouf1661-1979,
    author = {Ozouf, Mona},
    title = {L'histoire de la Révolution française dans les manuels scolaires},
    journal = {H.Histoire},
    year = 1979,
    language = {français},
    keywords = {art-crh, crh-1979}
    }

@article{Ozouf1664-1979,
    author = {Ozouf, Mona},
    title = {Deux légitimations de la société française au 18e siècle, Mably et Boulainvilliers},
    journal = {Annales E.S.C.},
    year = 1979,
    language = {français},
    keywords = {art-crh, crh-1979}
    }

@article{Peter1669-1979,
    author = {Peter, Jean-Pierre},
    title = {Les médecins français face au problème de l'inoculation variolique et de sa diffusion (1750-1790)},
    journal = {Annales de Bretagne},
    year = 1979,
    language = {français},
    keywords = {art-crh, crh-1979}
    }

@article{Poisson1670-1979,
    author = {Poisson, Jean-Marie},
    title = {Problemi, tendenze e prospettive dell'archeologia medievale in Italia},
    journal = {Societa e storia},
    year = 1979,
    language = {italien},
    keywords = {art-crh, crh-1979}
    }

@article{Pomian1686-1979,
    author = {Pomian, Krzysztof},
    title = {La censure mise à nu},
    journal = {Libre},
    year = 1979,
    language = {français},
    keywords = {art-crh, crh-1979}
    }

@article{Pomian1687-1979,
    author = {Pomian, Krzysztof},
    title = {The secular evolution of the concept of cycles},
    journal = {Review},
    year = 1979,
    language = {anglais},
    keywords = {art-crh, crh-1979}
    }

@article{Pomian1688-1979,
    author = {Pomian, Krzysztof},
    title = {Marchands, connaisseurs, curieux à Paris au 18e siècle},
    journal = {Revue de l'art},
    year = 1979,
    language = {français},
    keywords = {art-crh, crh-1979}
    }

@article{Pomian1689-1979,
    author = {Pomian, Krzysztof},
    title = {Catastrofes e determinismo},
    journal = {Filosofia e epistemologia},
    year = 1979,
    language = {italien},
    keywords = {art-crh, crh-1979}
    }

@article{Rebaudo1692-1979,
    author = {Rebaudo, Danièle},
    title = {Le mouvement annuel de la population française rurale de 1670 à 1740},
    journal = {Population},
    year = 1979,
    language = {français},
    keywords = {art-crh, crh-1979}
    }

@article{Revel1696-1979,
    author = {Revel, Jacques},
    title = {Histoire et sciences sociales: les paradigmes des Annales},
    journal = {Annales E.S.C.},
    year = 1979,
    language = {français},
    keywords = {art-crh, crh-1979}
    }

@article{Schmitt1700-1979,
    author = {Schmitt, Jean-Claude},
    title = {Au moyen âge: culture folklorique, culture clandestine?},
    journal = {Revue du Vivarais},
    year = 1979,
    language = {français},
    keywords = {art-crh, crh-1979}
    }

@article{Schmitt1701-1979,
    author = {Schmitt, Jean-Claude},
    title = {La parola addomesticata. San Domenico, il gatto e le donne di Fanjeaux},
    journal = {Quaderni storici},
    year = 1979,
    language = {italien},
    keywords = {art-crh, crh-1979}
    }

@article{Sigaut1718-1979,
    author = {Sigaut, François},
    title = {Swidden cultivation in Europe. A question for tropical anthropologists},
    journal = {Informations en sciences sociales},
    year = 1979,
    language = {anglais},
    keywords = {art-crh, crh-1979}
    }

@article{Tenenti1723-1979,
    author = {Tenenti, Alberto},
    title = {La politique des villes sous la Renaissance},
    journal = {Forum},
    year = 1979,
    language = {français},
    keywords = {art-crh, crh-1979}
    }

@article{Vouloir1727-1979,
    author = {Vouloir, Marie-Christine},
    title = {Les naissances illégitimes à St-Germain-en-Laye (1810-1874)},
    journal = {Démographie historique. Bulletin d'information},
    year = 1979,
    language = {français},
    keywords = {art-crh, crh-1979}
    }

@article{Vouloir1728-1979,
    author = {Vouloir, Marie-Christine and M.Hainsworth},
    title = {Recherches en cours},
    journal = {Démographie historique. Bulletin d'information},
    year = 1979,
    language = {français},
    keywords = {art-crh, crh-1979}
    }

@article{Zysberg1732-1979,
    author = {Zysberg, André},
    title = {Le langage des galères de France à l'âge classique},
    journal = {Ethnologie française},
    year = 1979,
    language = {français},
    keywords = {art-crh, crh-1979}
    }

@article{Zysberg1733-1979,
    author = {Zysberg, André and A.Farge},
    title = {Les théâtres de la violence à Paris au 18e siècle},
    journal = {Annales E.S.C},
    year = 1979,
    language = {français},
    keywords = {art-crh, crh-1979}
    }

@article{Zysberg1734-1979,
    author = {Zysberg, André and E.Le Roy Ladurie},
    title = {Anthropologie des conscrits français (1867-1887)},
    journal = {Ethnologie française},
    year = 1979,
    language = {français},
    keywords = {art-crh, crh-1979}
    }

@article{Chapelot1740-1979,
    author = {Chapelot, Jean},
    title = {Un potier de la Chapelle-des-Pots (Charente-Maritime) en 1764, d'après les archives de notaire},
    journal = {Bulletin de la société d'études de l'artisanat céramique saintongeais},
    year = 1979,
    language = {français},
    keywords = {art-crh, crh-1979}
    }

@article{Chapelot1741-1979,
    author = {Chapelot, Jean},
    title = {Types de foyers européens au moyen âge},
    journal = {Revista do museu Paulista},
    year = 1979,
    language = {français},
    keywords = {art-crh, crh-1979}
    }

@article{Chapelot1742-1979,
    author = {Chapelot, Jean},
    title = {Vaisselle de bord et de table à St-Malo-St-Servan du 14e au 19e siècle},
    journal = {Dossiers du centre régional archéologique d'Alet},
    year = 1979,
    language = {français},
    keywords = {art-crh, crh-1979}
    }

@article{Chapelot1743-1979,
    author = {Chapelot, Jean and A.Querrien and A.Schnapp},
    title = {L'archéologie en France: les facteurs d'une crise},
    journal = {Le progrès scientifique},
    year = 1979,
    language = {français},
    keywords = {art-crh, crh-1979}
    }

@article{Furet1752-1979,
    author = {Furet, François and J.Ozouf},
    title = {Mably et Boulainvilliers. Deux légitimations historiques de la société française au 18e siècle},
    journal = {Annales E.S.C.},
    year = 1979,
    language = {français},
    keywords = {art-crh, crh-1979}
    }

@article{Furet1753-1979,
    author = {Furet, François},
    title = {La naissance de l'histoire},
    journal = {H.Histoire},
    year = 1979,
    language = {français},
    keywords = {art-crh, crh-1979}
    }

@article{Furet2066-1979,
    author = {Furet, François},
    title = {Civilisation et barbarie dans Gibbon},
    journal = {Commentaire},
    year = 1979,
    language = {français},
    keywords = {art-crh, crh-1979}
    }

@book{Chaussinand1489-1979,
    author = {Chaussinand-Nogaret, Guy},
    title = {La vie quotidienne des Français sous Louis XV},
    publisher = {Hachette},
    series = {},
    location = {Paris},
    year = 1979,
    pagetotal = {},
    language = {français},
    keywords = {book-crh, crh-1979}
    }

@book{Chaussinand1490-1979,
    author = {Chaussinand-Nogaret, Guy and L.Bergeron},
    title = {Les masses de granit. Cent mille notables du Premier Empire},
    publisher = {EHESS},
    series = {},
    location = {Paris},
    year = 1979,
    pagetotal = {},
    language = {français},
    keywords = {book-crh, crh-1979}
    }

@book{Bergeron1540-1979,
    author = {Bergeron, Louis},
    title = {L'industrialisation de la France},
    publisher = {Hatier},
    series = {Profils-Dossiers},
    location = {Paris},
    year = 1979,
    pagetotal = {},
    language = {français},
    keywords = {book-crh, crh-1979}
    }

@book{Bergeron1541-1979,
    author = {Bergeron, Louis and G.Chaussinand},
    title = {Les masses de granit. Cent mille notables du premier Empire},
    publisher = {EHESS},
    series = {},
    location = {Paris},
    year = 1979,
    pagetotal = {},
    language = {français},
    keywords = {book-crh, crh-1979}
    }

@book{Guillou1580-1979,
    author = {Guillou, André},
    title = {Culture et société en Italie byzantine (6e-11e siècles)},
    publisher = {},
    series = {},
    location = {Londres},
    year = 1979,
    pagetotal = {336},
    language = {français},
    keywords = {book-crh, crh-1979}
    }

@book{Guillou1581-1979,
    author = {Guillou, André},
    title = {Actes de Lavra, III (1329-1500)},
    publisher = {},
    series = {},
    location = {Paris},
    year = 1979,
    pagetotal = {230},
    language = {français},
    keywords = {book-crh, crh-1979}
    }

@book{Julliard1600-1979,
    author = {Julliard, Jacques and J.N.Jeanneney},
    title = {"Le monde" de Beuve-Méry ou le métier l'Alceste},
    publisher = {Seuil},
    series = {},
    location = {Paris},
    year = 1979,
    pagetotal = {394},
    language = {français},
    keywords = {book-crh, crh-1979}
    }

@book{Dupaquier1637-1979,
    author = {Dupaquier, Jacques},
    title = {La population française aux 17e et 18e siècles},
    publisher = {PUF},
    series = {Que sais-je?},
    location = {Paris},
    year = 1979,
    pagetotal = {},
    language = {français},
    keywords = {book-crh, crh-1979}
    }

@book{Farge1642-1979,
    author = {Farge, Arlette},
    title = {Vivre dans la rue à Paris au 18e siècle},
    publisher = {Gallimard-Julliard},
    series = {Archives},
    location = {Paris},
    year = 1979,
    pagetotal = {},
    language = {français},
    keywords = {book-crh, crh-1979}
    }

@book{Ozouf1659-1979,
    author = {Ozouf, Mona},
    title = {La classe ininterrompue},
    publisher = {Hachette},
    series = {Hachette-littérature},
    location = {Paris},
    year = 1979,
    pagetotal = {},
    language = {français},
    keywords = {book-crh, crh-1979}
    }

@book{Schmitt1698-1979,
    author = {Schmitt, Jean-Claude},
    title = {Le Saint Lévrier. Guinefort guérisseur d'enfants depuis le 13e siècle},
    publisher = {Flammarion},
    series = {bibl.ethnologie historique},
    location = {Paris},
    year = 1979,
    pagetotal = {278},
    language = {français},
    keywords = {book-crh, crh-1979}
    }

@inproceedings{Flandrin839-1979,
    author = {Flandrin, Jean-Louis},
    editor = {},
    title = {Médecine et habitudes alimentaires anciennes},
    booktitle = {Actes du Colloque Pratiques et discours alimentaires à la Renaissance},
    publisher = {},
    location = {},
    year = 1979,
    pagetotal = {11},
    language = {français},
    keywords = {inproceedings-crh, crh-1979}
    }

@inproceedings{Chartier1483-1979,
    author = {Chartier, Roger},
    editor = {K.R.Gürttler and M.Sarfari-Arnaud},
    title = {Des fêtes de l'ancien régime à la fête révolutionnaire: problèmes de lecture},
    booktitle = {Colloque des 5-7 avril 1979, Montréal, La fête en question},
    publisher = {},
    location = {Montréal},
    year = 1979,
    pagetotal = {22},
    language = {français},
    keywords = {inproceedings-crh, crh-1979}
    }

@inproceedings{Baulant1532-1979,
    author = {Baulant, Micheline},
    editor = {},
    title = {L'analyse par ordinateur des inventaires après décès de la région de Meaux},
    booktitle = {Actes du colloque de Strasbourg, mars 1979, Les actes notariés, source de l'histoire sociale, XVIe-XIXe siècles},
    publisher = {},
    location = {Strasbourg},
    year = 1979,
    pagetotal = {},
    language = {français},
    keywords = {inproceedings-crh, crh-1979}
    }

@inproceedings{Hemardinquer1589-1979,
    author = {Hemardinquer, Jean-Jacques},
    editor = {},
    title = {Fortune et culture: les collections du général baron Merlin et la bibliothèque de Merlin de Thionville},
    booktitle = {Actes du 103e congrès national des sociétés savantes, Nancy-Metz, 1978},
    publisher = {},
    location = {Paris},
    year = 1979,
    pagetotal = {17},
    language = {français},
    keywords = {inproceedings-crh, crh-1979}
    }

@inproceedings{Hemardinquer1591-1979,
    author = {Hemardinquer, Jean-Jacques},
    editor = {A.Encrevé and M.Richard},
    title = {Un homme d'affaires protestant à l'Assemblée de Versailles (1871-1875) et aux élections de l'Ain (1875-1889): le banquier Alfred André},
    booktitle = {Actes du colloque Les protestants dans les débuts de la troisième République},
    publisher = {},
    location = {Paris},
    year = 1979,
    pagetotal = {2},
    language = {français},
    keywords = {inproceedings-crh, crh-1979}
    }

@inproceedings{Julia1597-1979,
    author = {Julia, Dominique},
    editor = {},
    title = {Le collège de Pontlevoy sous la direction de Pierre François Chappotin (1793-1824)},
    booktitle = {Actes du 103e congrès national des sociétés savantes, Nabcy-Metz, 1978},
    publisher = {},
    location = {Paris},
    year = 1979,
    pagetotal = {26},
    language = {français},
    keywords = {inproceedings-crh, crh-1979}
    }

@inproceedings{Nora1657-1979,
    author = {Nora, Pierre and A.Clément},
    editor = {},
    title = {L'Amérique et la France: deux révolutions et deux mondes},
    booktitle = {Colloque sur la Révolution américaine et l'Europe},
    publisher = {CNRS},
    location = {Paris},
    year = 1979,
    pagetotal = {},
    language = {français},
    keywords = {inproceedings-crh, crh-1979}
    }

@inreference{Burguiere1473-1979,
    author = {Burguiere, André},
    editor = {},
    title = {Histoire anthropologique},
    booktitle = {Encyclopaedia Universalis},
    publisher = {Encyclopaedia Universalis},
    series = {},
    location = {Paris},
    year = 1979,
    pagetotal = {},
    language = {français},
    keywords = {dict-crh, crh-1979}
    }

@inreference{Goy1575-1979,
    author = {Goy, Joseph},
    editor = {},
    title = {Histoire orale},
    booktitle = {Encyclopaedia Universalis},
    publisher = {Encyclopaedia Universalis},
    series = {},
    location = {Paris},
    year = 1979,
    pagetotal = {},
    language = {français},
    keywords = {dict-crh, crh-1979}
    }

@inreference{Guillou1586-1979,
    author = {Guillou, André},
    editor = {},
    title = {Arbeit-Byzanz},
    booktitle = {Lexikon des Mittelalters},
    publisher = {Artemis},
    series = {},
    location = {Munich},
    year = 1979,
    pagetotal = {4},
    language = {allemand},
    keywords = {dict-crh, crh-1979}
    }

@inreference{LeGoff1622-1979,
    author = {Le Goff, Jacques},
    editor = {},
    title = {Memoria},
    booktitle = {Enciclopedia Einaudi},
    publisher = {Einaudi},
    series = {},
    location = {Turin},
    year = 1979,
    pagetotal = {42},
    language = {italien},
    keywords = {dict-crh, crh-1979}
    }

@inreference{LeGoff1626-1979,
    author = {Le Goff, Jacques},
    editor = {},
    title = {Arbeit},
    booktitle = {Lexicon des Mittelalters},
    publisher = {},
    series = {},
    location = {Munich},
    year = 1979,
    pagetotal = {4},
    language = {allemand},
    keywords = {dict-crh, crh-1979}
    }

@inreference{Pomian1681-1979,
    author = {Pomian, Krzysztof},
    editor = {},
    title = {Filosofia/filosofie},
    booktitle = {Enciclopedia Einaudi},
    publisher = {Einaudi},
    series = {},
    location = {Turin},
    year = 1979,
    pagetotal = {55},
    language = {italien},
    keywords = {dict-crh, crh-1979}
    }

@inreference{Pomian1682-1979,
    author = {Pomian, Krzysztof},
    editor = {},
    title = {Genesi},
    booktitle = {Enciclopedia Einaudi},
    publisher = {Einaudi},
    series = {},
    location = {Turin},
    year = 1979,
    pagetotal = {11},
    language = {italien},
    keywords = {dict-crh, crh-1979}
    }

@inreference{Chapelot1738-1979,
    author = {Chapelot, Jean},
    editor = {},
    title = {L'archéologie du paysage},
    booktitle = {Encyclopaedia universalis},
    publisher = {Encyclopaedia Universalis},
    series = {},
    location = {Paris},
    year = 1979,
    pagetotal = {},
    language = {français},
    keywords = {dict-crh, crh-1979}
    }

@inreference{Chapelot1739-1979,
    author = {Chapelot, Jean},
    editor = {},
    title = {L'habitat rural en Occident du moyen âge au 19e siècle},
    booktitle = {Encyclopaedia universalis},
    publisher = {Encyclopaedia Universalis},
    series = {},
    location = {Paris},
    year = 1979,
    pagetotal = {},
    language = {français},
    keywords = {dict-crh, crh-1979}
    }

@inreference{Burguiere2061-1979,
    author = {Burguiere, André},
    editor = {},
    title = {Histoire de la famille},
    booktitle = {Encyclopaedia universalis},
    publisher = {Encyclopaedia Universalis},
    series = {},
    location = {Paris},
    year = 1979,
    pagetotal = {},
    language = {français},
    keywords = {dict-crh, crh-1979}
    }

@proceedings{Sigaut1715-1979,
    editor = {Sigaut, François and M.Gast},
    editortype = {dir.},
    title = {Les techniques de conservation des grains à long terme (T1)},
    booktitle = {Les techniques de conservation des grains à long terme (T1)},
    publisher = {CNRS},
    location = {Paris},
    year = 1979,
    pagetotal = {231},
    language = {français},
    keywords = {proceedings-crh, crh-1979}
    }

@incollection{Nora1655-1979,
    author = {Nora, Pierre},
    editor = {},
    title = {L'Amérique et les intellectuels français (version remaniée)},
    booktitle = {Hommage},
    publisher = {Privat},
    location = {Toulouse},
    year = 1979,
    pagetotal = {},
    language = {français},
    keywords = {melanges-crh, crh-1979}
    }

@incollection{Pomian1680-1979,
    author = {Pomian, Krzysztof},
    editor = {},
    title = {The polish peasant in literature and ideology},
    booktitle = {Mélanges},
    publisher = {Privat},
    location = {Toulouse},
    year = 1979,
    pagetotal = {16},
    language = {anglais},
    keywords = {melanges-crh, crh-1979}
    }

@incollection{Chartier44-1979,
    author = {Chartier, Roger},
    editor = {B.Vincent and A.Farge and F.Raison},
    title = {La Monarchie d'Argot entre le mythe et l'histore},
    booktitle = {Les marginaux et les exclus dans l'histoire},
    publisher = {UGE},
    location = {Paris},
    year = 1979,
    pagetotal = {37},
    language = {français},
    keywords = {collectif-crh, crh-1979}
    }

@incollection{Triantafyllidou127-1979,
    author = {Triantafyllidou-Baladie, Yolande},
    editor = {M.Gast and F.Sigaut},
    title = {Greniers publics et familiaux en Grèce du 15e au 20 siècle},
    booktitle = {Les techniques de conservation des grains à long terme},
    publisher = {CNRS},
    location = {Paris},
    year = 1979,
    pagetotal = {9},
    language = {français},
    keywords = {collectif-crh, crh-1979}
    }

@incollection{Revel131-1979,
    author = {Revel, Jacques},
    editor = {?},
    title = {Food supplies in early modern Rome},
    booktitle = {Food and drink in history},
    publisher = {},
    location = {},
    year = 1979,
    pagetotal = {13},
    language = {anglais},
    keywords = {collectif-crh, crh-1979}
    }

@incollection{Richet132-1979,
    author = {Richet, Denis},
    editor = {F.Bedarida and F.Crouzet},
    title = {?},
    booktitle = {Dix siècles d'histoire franco-britannique. De Guillaume le Conquérant au Marché Commun},
    publisher = {Albin Michel},
    location = {Paris},
    year = 1979,
    pagetotal = {},
    language = {français},
    keywords = {collectif-crh, crh-1979}
    }

@incollection{Schmitt149-1979,
    author = {Schmitt, Jean-Claude and J.Le Goff},
    editor = {J.Delumeau},
    title = {Au 13e siècle, une parole nouvelle},
    booktitle = {Histoire vécue du peuple chrétien},
    publisher = {Privat},
    location = {Toulouse},
    year = 1979,
    pagetotal = {23},
    language = {français},
    keywords = {collectif-crh, crh-1979}
    }

@incollection{Julia154-1979,
    author = {Julia, Dominique and L.Donnat},
    editor = {?},
    title = {Le recrutement d'une congrégation monastique à l'époque moderne: les Bénédictins de Saint-Maur. Esquisse d'histoire quantitative},
    booktitle = {Saint-Thierry, une abbaye du 6e au 20e siècle},
    publisher = {},
    location = {Saint-Thierry},
    year = 1979,
    pagetotal = {30},
    language = {français},
    keywords = {collectif-crh, crh-1979}
    }

@incollection{Julliard163-1979,
    author = {Julliard, Jacques},
    editor = {?},
    title = {Le Tiers monde et la gauche},
    booktitle = {Le Tiers-monde et la gauche},
    publisher = {},
    location = {},
    year = 1979,
    pagetotal = {},
    language = {français},
    keywords = {collectif-crh, crh-1979}
    }

@incollection{Julliard164-1979,
    author = {Julliard, Jacques},
    editor = {?},
    title = {Pour ne pas conclure},
    booktitle = {Le Tiers-monde et la gauche},
    publisher = {},
    location = {},
    year = 1979,
    pagetotal = {},
    language = {français},
    keywords = {collectif-crh, crh-1979}
    }

@incollection{Julliard165-1979,
    author = {Julliard, Jacques},
    editor = {?},
    title = {Classe mystique et prolétariat réel},
    booktitle = {Crise et avenir de la classe ouvrière},
    publisher = {Seuil},
    location = {Paris},
    year = 1979,
    pagetotal = {},
    language = {français},
    keywords = {collectif-crh, crh-1979}
    }

@incollection{Goy176-1979,
    author = {Goy, Joseph},
    editor = {?},
    title = {Note sur la petite ville et son environnement rural aux 17e et 18e siècles},
    booktitle = {Petites villes et pays dans l'aménagement rural},
    publisher = {CNRS},
    location = {Paris},
    year = 1979,
    pagetotal = {},
    language = {français},
    keywords = {collectif-crh, crh-1979}
    }

@incollection{Dupaquier201-1979,
    author = {Dupaquier, Jacques},
    editor = {?},
    title = {La constitution de la famille en France aux 17e et 18e siècles},
    booktitle = {Meddelande fian Familjehistoriska prijektet Historiska institutionen Uppsal Universitet n°1: Family building and family planing in pre-industrial societies},
    publisher = {},
    location = {Upssala},
    year = 1979,
    pagetotal = {7},
    language = {français},
    keywords = {collectif-crh, crh-1979}
    }

@incollection{Farge205-1979,
    author = {Farge, Arlette},
    editor = {M.Perrot},
    title = {L'histoire ébruitée: des femmes dans la société pré-révolutionnaire parisienne},
    booktitle = {L'histoire sans qualités},
    publisher = {Galilée},
    location = {Paris},
    year = 1979,
    pagetotal = {},
    language = {français},
    keywords = {collectif-crh, crh-1979}
    }

@incollection{Lagarce215-1979,
    author = {Lagarce, Jacques},
    editor = {?},
    title = {Ras Shamra 1929-1979},
    booktitle = {Ras Shamra 1929-1979},
    publisher = {},
    location = {},
    year = 1979,
    pagetotal = {},
    language = {français},
    keywords = {collectif-crh, crh-1979}
    }

@incollection{LeGoff223-1979,
    author = {Le Goff, Jacques and J.C.Schmitt},
    editor = {J.Delumeau},
    title = {Au 13e siècle: une parole nouvelle},
    booktitle = {Histoire vécue du peuple chrétien},
    publisher = {Privat},
    location = {Toulouse},
    year = 1979,
    pagetotal = {23},
    language = {français},
    keywords = {collectif-crh, crh-1979}
    }

@incollection{Berlioz557-1979,
    author = {Berlioz, Jacques},
    editor = {J.-Cl. Schmitt},
    title = {Texte hagiographique , rock n' roll et politique. Notes sur la tournée de Patti Smith en Italie (septembre 1979)},
    booktitle = {Les Saints et les Stars. Le texte hagiographique dans la culture populaire},
    publisher = {},
    location = {},
    year = 1979,
    pagetotal = {25},
    language = {français},
    keywords = {collectif-crh, crh-1979}
    }

@incollection{Andreau712-1979,
    author = {Andreau, Jean},
    editor = {Fausto Zevi},
    title = {Le tabolette cerate},
    booktitle = {Pompei 1979},
    publisher = {Macchiaroli},
    location = {Naples},
    year = 1979,
    pagetotal = {6},
    language = {italien},
    keywords = {collectif-crh, crh-1979}
    }

@incollection{Valensi997-1979,
    author = {Valensi, Lucette},
    editor = {Pierre Léon},
    title = {Le Monde musulman},
    booktitle = {Histoire économique et sociale du monde},
    publisher = {Armand Colin},
    location = {Paris},
    year = 1979,
    pagetotal = {64},
    language = {français},
    keywords = {collectif-crh, crh-1979}
    }

@incollection{Ducreux5003-1979,
    author = {Ducreux, Marie-Elisabeth},
    editor = {J.Delumeau},
    title = {De la tradition médiévale aux recueils des 17e et 18e siècles: les cantiques en Pays Tchèques},
    booktitle = {Histoire vécue du peuple chrétien},
    publisher = {Privat},
    location = {Toulouse},
    year = 1979,
    pagetotal = {26},
    language = {français},
    keywords = {collectif-crh, crh-1979}
    }

@incollection{Andreau5058-1979,
    author = {Andreau, Jean},
    editor = {Fausto Zevi},
    title = {Il terremoto del 62 d.c.},
    booktitle = {Pompei 1979},
    publisher = {Macchiaroli},
    location = {Naples},
    year = 1979,
    pagetotal = {5},
    language = {italien},
    keywords = {collectif-crh, crh-1979}
    }

@incollection{Antoniadis5076-1979,
    author = {Antoniadis-Bibicou, Hélène},
    editor = {?},
    title = {Villages désertés en Grèce: un bilan provisoire},
    booktitle = {La structure économique des pays balkaniques (15e-19e siècles)},
    publisher = {},
    location = {Athènes},
    year = 1979,
    pagetotal = {69},
    language = {grec},
    keywords = {collectif-crh, crh-1979}
    }

@incollection{Aron5139-1979,
    author = {Aron, Jean-Paul and R.Kempf},
    editor = {?},
    title = {Triumphs and tribulations of the homosexual discourse},
    booktitle = {Homosexualitics and French literature},
    publisher = {Cornell Univ. Press},
    location = {New York},
    year = 1979,
    pagetotal = {},
    language = {anglais},
    keywords = {collectif-crh, crh-1979}
    }

@incollection{Daumard5243-1979,
    author = {Daumard, Adeline},
    editor = {?},
    title = {La bourgeoisie et les classes dirigeantes, permanence, évolution ou mutation?},
    booktitle = {Histoire économique et sociale de la France},
    publisher = {PUF},
    location = {Paris},
    year = 1979,
    pagetotal = {13},
    language = {français},
    keywords = {collectif-crh, crh-1979}
    }

@incollection{Daumard5258-1979,
    author = {Daumard, Adeline},
    editor = {?},
    title = {Puissance et inquiétude de la société bourgeoise à la Belle Epoque},
    booktitle = {Histoire économique et sociale de la France},
    publisher = {PUF},
    location = {Paris},
    year = 1979,
    pagetotal = {63},
    language = {français},
    keywords = {collectif-crh, crh-1979}
    }

@incollection{Burguiere5374-1979,
    author = {Burguiere, André},
    editor = {?},
    title = {Anthropologie et sciences historiques dans l'étude des sociétés européennes},
    booktitle = {L'anthropologie en France},
    publisher = {CNRS},
    location = {Paris},
    year = 1979,
    pagetotal = {},
    language = {français},
    keywords = {collectif-crh, crh-1979}
    }

@incollection{Froeschle5430-1979,
    author = {Froeschle-Chopard, Marie-Hélène},
    editor = {?},
    title = {Une définition de la religion populaire à travers les visites pastorales d'Ancien régime},
    booktitle = {La religion populaire},
    publisher = {CNRS},
    location = {Paris},
    year = 1979,
    pagetotal = {},
    language = {français},
    keywords = {collectif-crh, crh-1979}
    }

@incollection{Bardet5503-1979,
    author = {Bardet, Jean-Pierre},
    editor = {?},
    title = {Histoire de Rouen},
    booktitle = {Histoire de Rouen},
    publisher = {Privat},
    location = {Toulouse},
    year = 1979,
    pagetotal = {},
    language = {français},
    keywords = {collectif-crh, crh-1979}
    }

@incollection{Baulant5512-1979,
    author = {Baulant, Micheline},
    editor = {B.Vincent and A.Farge and F.Raison},
    title = {Groupes mobiles dans une société sédentaire: la société rurale autour de Meaux aux 17e et 18e siècles},
    booktitle = {Les marginaux et les exclus dans l'histoire},
    publisher = {U.G.E.},
    location = {Paris},
    year = 1979,
    pagetotal = {},
    language = {français},
    keywords = {collectif-crh, crh-1979}
    }

@incollection{Beutler5580-1979,
    author = {Beutler, Corinne},
    editor = {M.Gast and F.Sigaut},
    title = {De l'approvisionnement en grains de quelques villes européennes au moyen âge et à l'époque moderne},
    booktitle = {Les techniques de conservation des grains à long terme: leur rôle dans la dynamique des systèmes de culture et des sociétés. T1},
    publisher = {CNRS},
    location = {Paris},
    year = 1979,
    pagetotal = {},
    language = {français},
    keywords = {collectif-crh, crh-1979}
    }

@incollection{Aron5592-1979,
    author = {Aron, Jean-Paul},
    editor = {?},
    title = {Procès de mœurs},
    booktitle = {Le regard des autres},
    publisher = {Arcadie},
    location = {Paris},
    year = 1979,
    pagetotal = {},
    language = {français},
    keywords = {collectif-crh, crh-1979}
    }

@incollection{Tenenti1724-1979,
    author = {Tenenti, Alberto},
    editor = {},
    title = {introduction},
    booktitle = {Storia della civiltà veneziana},
    publisher = {},
    location = {Florence},
    year = 1979,
    pagetotal = {5},
    language = {italien},
    keywords = {intro-preface-crh, crh-1979}
    }

@report{Schnapper1703-1979,
    author = {Schnapper, Dominique},
    title = {Le vécu du chômage, essai d'interprétation sociologique},
    publisher = {ministère du travail},
    institution = {ministère du travail},
    location = {Paris},
    year = 1979,
    pagetotal = {60},
    language = {français},
    keywords = {report-crh, crh-1979}
    }

@report{Chapelot1793-1979,
    author = {Chapelot, Jean and A.Querrien and A.Schnapp},
    title = {Rapport sur la politique de la recherche archéologique en France},
    publisher = {},
    institution = {rapport DGRST},
    location = {},
    year = 1979,
    pagetotal = {258},
    language = {français},
    keywords = {report-crh, crh-1979}
    }

@book{Aron1522-1979,
    author = {Aron, Jean-Paul and R.Kempf},
    editor = {},
    title = {Il pene e la demoralizzazione dell'occidente},
    publisher = {Sansoni},
    series = {},
    location = {Florence},
    year = 1979,
    pagetotal = {306},
    language = {italien},
    addendum = {réédition},
    keywords = {reedition-crh, crh-1979}
    }

@book{Ozouf1660-1979,
    author = {Ozouf, Mona},
    editor = {},
    title = {L'école, l'Eglise et la République},
    publisher = {Cana},
    series = {},
    location = {Paris},
    year = 1979,
    pagetotal = {},
    language = {français},
    addendum = {réédition},
    keywords = {reedition-crh, crh-1979}
    }

@book{Bardet1525-1979,
    author = {Bardet, Jean-Pierre and J.Dupâquier},
    editor = {},
    title = {Dictionnaire des paroisses},
    publisher = {CNRS},
    series = {},
    location = {Paris},
    year = 1979,
    pagetotal = {},
    language = {français},
    keywords = {outil-recherche-crh, crh-1979}
    }

@book{Bardet1529-1979,
    author = {Bardet, Jean-Pierre and J.Dupâquier},
    editor = {},
    title = {Dictionnaire des paroisses},
    publisher = {CNRS},
    series = {},
    location = {Paris},
    year = 1979,
    pagetotal = {},
    language = {français},
    keywords = {outil-recherche-crh, crh-1979}
    }

@book{Bardet1531-1979,
    author = {Bardet, Jean-Pierre and J.Dupâquier},
    editor = {},
    title = {Dictionnaire des paroisses},
    publisher = {CNRS},
    series = {},
    location = {Paris},
    year = 1979,
    pagetotal = {},
    language = {français},
    keywords = {outil-recherche-crh, crh-1979}
    }

@book{LeMee1632-1979,
    author = {Le Mee, René},
    editor = {},
    title = {bibliographie},
    publisher = {Lecerf},
    series = {},
    location = {Rouen},
    year = 1979,
    pagetotal = {},
    language = {français},
    keywords = {outil-recherche-crh, crh-1979}
    }

@book{Dupaquier1633-1979,
    author = {Dupaquier, Jacques and J.P.Bardet},
    editor = {},
    title = {Aude},
    publisher = {CNRS},
    series = {},
    location = {Paris},
    year = 1979,
    pagetotal = {},
    language = {français},
    keywords = {outil-recherche-crh, crh-1979}
    }

@book{Dupaquier1634-1979,
    author = {Dupaquier, Jacques and J.P.Bardet},
    editor = {},
    title = {Nièvre},
    publisher = {CNRS},
    series = {},
    location = {Paris},
    year = 1979,
    pagetotal = {},
    language = {français},
    keywords = {outil-recherche-crh, crh-1979}
    }

@book{Dupaquier1636-1979,
    author = {Dupaquier, Jacques and J.P.Bardet},
    editor = {},
    title = {Savoie},
    publisher = {CNRS},
    series = {},
    location = {Paris},
    year = 1979,
    pagetotal = {},
    language = {français},
    keywords = {outil-recherche-crh, crh-1979}
    }

@thesis{Dupaquier1638-1979,
    author = {Dupaquier, Jacques},
    title = {La population du bassin parisien à l'époque de Louis XIV},
    institution = {EHESS-Lille III},
    location = {Paris-Lille},
    year = 1979,
    pagetotal = {},
    language = {français},
    keywords = {theses-crh, crh-1979}
    }

@thesis{Schnapper1714-1979,
    author = {Schnapper, Dominique},
    title = {Traditions culturelles et société industrielle},
    institution = {Université Paris5},
    location = {Paris},
    year = 1979,
    pagetotal = {435},
    language = {français},
    keywords = {theses-crh, crh-1979}
    }

@thesis{Bourdelais1754-1979,
    author = {Bourdelais, Patrice},
    title = {Le choléra en France, 1832 et 1854. Essai d'épidémiologie historique},
    institution = {},
    location = {Paris},
    year = 1979,
    pagetotal = {},
    language = {français},
    keywords = {theses-crh, crh-1979}
    }

