@article{Chapelot1475-1980,
    author = {Chapelot, Odette},
    title = {La tuilerie de Montcenis},
    journal = {Revue Milieux},
    year = 1980,
    language = {français},
    keywords = {art-crh, crh-1980}
    }

@article{Chaussin1488-1980,
    author = {Chaussin, E},
    title = {Il y a sept ans, une rencontre en Algérie},
    journal = {les temps modernes},
    year = 1980,
    language = {français},
    keywords = {art-crh, crh-1980}
    }

@article{Dauphin1507-1980,
    author = {Dauphin-Memeteau, Cécile},
    title = {Le métier de forgeron à travers les archives orales},
    journal = {Le monde alpin et rhodanien},
    year = 1980,
    language = {français},
    keywords = {art-crh, crh-1980}
    }

@article{Ducreux1512-1980,
    author = {Ducreux, Marie-Elisabeth},
    title = {Quelques aspects de la littérature tchèque entre 1760 et 1820},
    journal = {Cahiers d'histoire littéraire comparée},
    year = 1980,
    language = {français},
    keywords = {art-crh, crh-1980}
    }

@article{Bonnain1543-1980,
    author = {Bonnain-Moerdyk, Rolande},
    title = {Sociétés d'ici, société d'ailleurs},
    journal = {Etudes rurales},
    year = 1980,
    language = {français},
    keywords = {art-crh, crh-1980}
    }

@article{Braunstein1554-1980,
    author = {Braunstein, Philippe},
    title = {La Toscane dans le premier tiers du 15e siècle: informatique et paysage social},
    journal = {Annales E.S.C.},
    year = 1980,
    language = {français},
    keywords = {art-crh, crh-1980}
    }

@article{Brun1555-1980,
    author = {Brun-Rovet, Jeanine},
    title = {L'affaire Bakke},
    journal = {H.Histoire},
    year = 1980,
    language = {français},
    keywords = {art-crh, crh-1980}
    }

@article{Farge1561-1980,
    author = {Farge, Arlette},
    title = {Signe de vie, risque de mort: essai sur le sang et la ville au 18e siècle},
    journal = {Urbi},
    year = 1980,
    language = {français},
    keywords = {art-crh, crh-1980}
    }

@article{Gauchet1570-1980,
    author = {Gauchet, Marcel},
    title = {Tocqueville, l'Amérique et nous. Sur la genèse des sociétés démocratiques},
    journal = {Libre},
    year = 1980,
    language = {français},
    keywords = {art-crh, crh-1980}
    }

@article{Goy1578-1980,
    author = {Goy, Joseph},
    title = {Niveaux et hiérarchies des pouvoirs dans les Pyrénées centrales et occidentales aux 17e et 18e siècles. Quelques exemples haut-pyrénéens et basques},
    journal = {Cahiers de la Méditerranée},
    year = 1980,
    language = {français},
    keywords = {art-crh, crh-1980}
    }

@article{Jeannin1594-1980,
    author = {Jeannin, Pierre},
    title = {La protoindustrialisation, développement ou impasse},
    journal = {Annales E.S.C.},
    year = 1980,
    language = {français},
    keywords = {art-crh, crh-1980}
    }

@article{Klapisch1607-1980,
    author = {Klapisch-Zuber, Christiane},
    title = {La mattinata italienne du moyen âge},
    journal = {Journal of Family History},
    year = 1980,
    language = {français},
    keywords = {art-crh, crh-1980}
    }

@article{LeGoff1628-1980,
    author = {Le Goff, Jacques},
    title = {Les ordres mendiants au moyen âge},
    journal = {L'Histoire},
    year = 1980,
    language = {français},
    keywords = {art-crh, crh-1980}
    }

@article{Merino1650-1980,
    author = {Merino, J.P.},
    title = {Tecnica y arsenales en Espana y Francia hacia 1800},
    journal = {Investigaciones Historicas},
    year = 1980,
    language = {espagnol},
    keywords = {art-crh, crh-1980}
    }

@article{Ozouf1665-1980,
    author = {Ozouf, Mona},
    title = {L'utopie, encore et toujours},
    journal = {Le Débat},
    year = 1980,
    language = {français},
    keywords = {art-crh, crh-1980}
    }

@article{Pomian1690-1980,
    author = {Pomian, Krzysztof},
    title = {Qui est propriétaire du droit? La légalité et l'arbitraire selon l'exemple polonais},
    journal = {Esprit},
    year = 1980,
    language = {français},
    keywords = {art-crh, crh-1980}
    }

@article{Schnapper1711-1980,
    author = {Schnapper, Dominique and D.Hanet},
    title = {De Hérodote au magnétophone: archives orales et sources orales},
    journal = {Annales E.S.C.},
    year = 1980,
    language = {français},
    keywords = {art-crh, crh-1980}
    }

@article{Wachtel1731-1980,
    author = {Wachtel, Nathan},
    title = {Le temps du souvenir},
    journal = {Annales E.S.C.},
    year = 1980,
    language = {français},
    keywords = {art-crh, crh-1980}
    }

@article{Chapelot1744-1980,
    author = {Chapelot, Jean},
    title = {Archéologie et planification de l'utilisaton de l'espace: une double convergence},
    journal = {La recherche en sciences sociales},
    year = 1980,
    language = {français},
    keywords = {art-crh, crh-1980}
    }

@article{Chapelot1745-1980,
    author = {Chapelot, Jean},
    title = {Le fond de cabane dans l'habitat rural ouest européen: état des questions},
    journal = {Archéologie mediévale},
    year = 1980,
    language = {français},
    keywords = {art-crh, crh-1980}
    }

@article{Andreau1757-1980,
    author = {Andreau, Jean},
    title = {Echanges antiques et modernes (du présent faisons table rase?)},
    journal = {Les temps modernes},
    year = 1980,
    language = {français},
    keywords = {art-crh, crh-1980}
    }

@article{Andreau1758-1980,
    author = {Andreau, Jean},
    title = {Réponse à Yvon Thébert},
    journal = {Annales E.S.C.},
    year = 1980,
    language = {français},
    keywords = {art-crh, crh-1980}
    }

@article{Aymard1766-1980,
    author = {Aymard, Maurice},
    title = {Un ejemplo de historia total: el Mediterraneo en el siglo XVI},
    journal = {Historia universal Salvat},
    year = 1980,
    language = {espagnol},
    keywords = {art-crh, crh-1980}
    }

@article{Bardet1772-1980,
    author = {Bardet, Jean-Pierre},
    title = {Aux origines du bureau de la statistique: Duvillard de Durand},
    journal = {Population et société},
    year = 1980,
    language = {français},
    keywords = {art-crh, crh-1980}
    }

@article{Bardet1773-1980,
    author = {Bardet, Jean-Pierre},
    title = {L'amour en plus et l'histoire en moins},
    journal = {Commentaire},
    year = 1980,
    language = {français},
    keywords = {art-crh, crh-1980}
    }

@article{Beutler1780-1980,
    author = {Beutler, Corinne and F.Irsigler},
    title = {Konrad Heresbach (1496-1576)},
    journal = {Rheinische Lebensbilder},
    year = 1980,
    language = {allemand},
    keywords = {art-crh, crh-1980}
    }

@article{Beutler1781-1980,
    author = {Beutler, Corinne},
    title = {Gertrud Schröder-Lembke, Studien zur agrargeschichte},
    journal = {Archiv für socialgeschichte},
    year = 1980,
    language = {allemand},
    keywords = {art-crh, crh-1980}
    }

@article{Bonnain1789-1980,
    author = {Bonnain, Rolande},
    title = {Le système des places marchandes des Hautes-Pyrénées},
    journal = {Etudes rurales},
    year = 1980,
    language = {français},
    keywords = {art-crh, crh-1980}
    }

@article{Bonnain1790-1980,
    author = {Bonnain, Rolande},
    title = {Les transformations de l'alimentation paysanne des Baronnies, Hautes-Pyrénées, depuis l'entre-deux-guerres},
    journal = {Ethnologie française},
    year = 1980,
    language = {français},
    keywords = {art-crh, crh-1980}
    }

@article{Bourdelais1794-1980,
    author = {Bourdelais, Patrice},
    title = {Les générations et le vieillissement},
    journal = {Le Débat},
    year = 1980,
    language = {français},
    keywords = {art-crh, crh-1980}
    }

@article{Burguiere1798-1980,
    author = {Burguiere, André},
    title = {Historia de una Historia},
    journal = {Revista espanola de investigaciones sociologicas},
    year = 1980,
    language = {espagnol},
    keywords = {art-crh, crh-1980}
    }

@article{Burguiere1799-1980,
    author = {Burguiere, André},
    title = {Un nom pour soi},
    journal = {L'Homme},
    year = 1980,
    language = {français},
    keywords = {art-crh, crh-1980}
    }

@article{Chartier1803-1980,
    author = {Chartier, Roger},
    title = {Le corps redressé: livre-montage},
    journal = {Le Débat},
    year = 1980,
    language = {français},
    keywords = {art-crh, crh-1980}
    }

@article{Courbin1821-1980,
    author = {Courbin, Paul},
    title = {Les lyres d'Argos},
    journal = {Bulletin de correspondance hellénique},
    year = 1980,
    language = {français},
    keywords = {art-crh, crh-1980}
    }

@article{Demonet1834-1980,
    author = {Demonet, Michel and E.Le Roy Ladurie},
    title = {Alphabétisation et stature: un tableau comparé},
    journal = {Annales E.S.C.},
    year = 1980,
    language = {français},
    keywords = {art-crh, crh-1980}
    }

@article{Derouet1835-1980,
    author = {Derouet, Bernard},
    title = {Une démographie différentielle: clés pour un système auto-régulateur des populations rurales d'Ancien Régime},
    journal = {Annales E.S.C.},
    year = 1980,
    language = {français},
    keywords = {art-crh, crh-1980}
    }

@article{Ducreux1838-1980,
    author = {Ducreux, Marie-Elisabeth},
    title = {Religions et identités culturelles en Europe centrale et orientale: le cas des Pays Tchèques},
    journal = {Bulletin d'information du Groupe de travail sur l'Europe centrale et orientale},
    year = 1980,
    language = {français},
    keywords = {art-crh, crh-1980}
    }

@article{Ducreux1839-1980,
    author = {Ducreux, Marie-Elisabeth},
    title = {La question tchèque de Tomas Garrigue Massaryk (1895)},
    journal = {Bulletin d'information du Groupe de travail sur l'Europe centrale et orientale},
    year = 1980,
    language = {français},
    keywords = {art-crh, crh-1980}
    }

@article{Dupaquier1841-1980,
    author = {Dupaquier, Jacques},
    title = {Prénoms, parrains, parenté. Recherche sur les familles du Vexin français de 1540 à 1800},
    journal = {Mémoires société historique et archéologique de  Pontoise},
    year = 1980,
    language = {français},
    keywords = {art-crh, crh-1980}
    }

@article{Dupaquier1843-1980,
    author = {Dupaquier, Jacques},
    title = {L'explosion démographique en France},
    journal = {L'Histoire},
    year = 1980,
    language = {français},
    keywords = {art-crh, crh-1980}
    }

@article{Dupaquier1844-1980,
    author = {Dupaquier, Jacques},
    title = {Avez-vous lu Malthus},
    journal = {Population},
    year = 1980,
    language = {français},
    keywords = {art-crh, crh-1980}
    }

@article{Dupaquier1845-1980,
    author = {Dupaquier, Jacques},
    title = {Sans mariages ni sépultures, la reconstitution des familles est-elle possible?},
    journal = {Annales de démographie historique},
    year = 1980,
    language = {français},
    keywords = {art-crh, crh-1980}
    }

@article{Ferro1853-1980,
    author = {Ferro, Marc},
    title = {Homo islamicus, homo sovieticus},
    journal = {Annales E.S.C.},
    year = 1980,
    language = {français},
    keywords = {art-crh, crh-1980}
    }

@article{Froeschle1866-1980,
    author = {Froeschle-Chopard, Marie-Hélène},
    title = {La signification d'anciens statuts pour les pénitents de Provence orientale: le cas de St-Laurent du Var},
    journal = {Annales du Midi},
    year = 1980,
    language = {français},
    keywords = {art-crh, crh-1980}
    }

@article{Froeschle1867-1980,
    author = {Froeschle-Chopard, Marie-Hélène},
    title = {Deguigues, prêtre janséniste du diocèse de Vence en 1709 ou l'échec de l'intermédiaire},
    journal = {XVIIIe siècle},
    year = 1980,
    language = {français},
    keywords = {art-crh, crh-1980}
    }

@article{Goubert1873-1980,
    author = {Goubert, Jean-Pierre},
    title = {La médicalisation dela société française à la fin de l'Ancien Régime},
    journal = {Francia},
    year = 1980,
    language = {français},
    keywords = {art-crh, crh-1980}
    }

@article{Goubert1875-1980,
    author = {Goubert, Jean-Pierre},
    title = {Les logements insalubres en province d'après les enquêtes du Second Empire},
    journal = {Culture technique},
    year = 1980,
    language = {français},
    keywords = {art-crh, crh-1980}
    }

@article{Guery1887-1980,
    author = {Guery, Alain and A.Merlin-Chazelas},
    title = {Cadres institutionnels et actions de l'Etat},
    journal = {La recherche en sciences sociales},
    year = 1980,
    language = {français},
    keywords = {art-crh, crh-1980}
    }

@article{Guillou1893-1980,
    author = {Guillou, André},
    title = {Rome, centre de transit de produits de luxe au haut Moyen âge},
    journal = {Zograph},
    year = 1980,
    language = {français},
    keywords = {art-crh, crh-1980}
    }

@article{Guillou1894-1980,
    author = {Guillou, André},
    title = {Transformations des structures socio-économiques dans le monde byzantin du 6e au 8e siècle},
    journal = {Zhornik Radova},
    year = 1980,
    language = {français},
    keywords = {art-crh, crh-1980}
    }

@article{Guillou1897-1980,
    author = {Guillou, André},
    title = {Grecs de la Calabre latine au 12e siècle. Une enquête sémantique},
    journal = {Byzantion},
    year = 1980,
    language = {français},
    keywords = {art-crh, crh-1980}
    }

@article{Jouhaud1904-1980,
    author = {Jouhaud, Christian},
    title = {Des besoins et des goûts: la consommation d'une famille de notables bordelais dans la première moitié du 17e siècle},
    journal = {Revue d'histoire moderne et contemporaine},
    year = 1980,
    language = {français},
    keywords = {art-crh, crh-1980}
    }

@article{Julia1910-1980,
    author = {Julia, Dominique},
    title = {Les années de formation de Joseph-Francois Baudelaire},
    journal = {Bulletin baudelairien},
    year = 1980,
    language = {français},
    keywords = {art-crh, crh-1980}
    }

@article{Julia1911-1980,
    author = {Julia, Dominique and W.Frijhoff},
    title = {Le recrutement d'une congrégation enseignante à l'époque moderne: l'Oratoire de France},
    journal = {Historical reflections},
    year = 1980,
    language = {français},
    keywords = {art-crh, crh-1980}
    }

@article{Julia1912-1980,
    author = {Julia, Dominique},
    title = {Les professeurs, l'Eglise et l'Etat après l'expulsion des jésuites, 1762-1789},
    journal = {Historical reflections},
    year = 1980,
    language = {français},
    keywords = {art-crh, crh-1980}
    }

@article{Julliard1918-1980,
    author = {Julliard, Jacques},
    title = {La Gauche et la Ve République},
    journal = {L'Histoire},
    year = 1980,
    language = {français},
    keywords = {art-crh, crh-1980}
    }

@article{Klapisch1925-1980,
    author = {Klapisch-Zuber, Christiane},
    title = {Etat et famille dans une société de la Renaissance},
    journal = {Le temps de la réflexion},
    year = 1980,
    language = {français},
    keywords = {art-crh, crh-1980}
    }

@article{Klapisch1926-1980,
    author = {Klapisch-Zuber, Christiane},
    title = {Genitori naturali e genitori di latte nella Firenze des Quattrocento},
    journal = {Quaderni storici},
    year = 1980,
    language = {italien},
    keywords = {art-crh, crh-1980}
    }

@article{Klapisch1927-1980,
    author = {Klapisch-Zuber, Christiane},
    title = {Le nom refait. La transmission du prénom en Toscane à la fin du moyen âge},
    journal = {L'Homme},
    year = 1980,
    language = {français},
    keywords = {art-crh, crh-1980}
    }

@article{LeGoff1937-1980,
    author = {Le Goff, Jacques},
    title = {Le purgatoire entre l'Enfer et le Paradis},
    journal = {La maison de Dieu},
    year = 1980,
    language = {français},
    keywords = {art-crh, crh-1980}
    }

@article{LeGoff1938-1980,
    author = {Le Goff, Jacques},
    title = {Le désert-forêt dans l'occident médiéval},
    journal = {Traverses},
    year = 1980,
    language = {français},
    keywords = {art-crh, crh-1980}
    }

@article{Motte1951-1980,
    author = {Motte, Claude and R.Le Mée},
    title = {Monographies paroissiales},
    journal = {Démographie historique. Bulletin d'information},
    year = 1980,
    language = {français},
    keywords = {art-crh, crh-1980}
    }

@article{Ozouf1956-1980,
    author = {Ozouf, Mona},
    title = {Les Gaulois à Clermont-Ferrand},
    journal = {Le Débat},
    year = 1980,
    language = {français},
    keywords = {art-crh, crh-1980}
    }

@article{Perrot1966-1980,
    author = {Perrot, Jean-Claude},
    title = {Le premier dictionnaire d'économie politique en langue française},
    journal = {Revue de synthèse},
    year = 1980,
    language = {français},
    keywords = {art-crh, crh-1980}
    }

@article{Perrot1967-1980,
    author = {Perrot, Jean-Claude},
    title = {Les villes françaises en 1794},
    journal = {Bulletin de l'institut d'histoire éco. et sociale},
    year = 1980,
    language = {français},
    keywords = {art-crh, crh-1980}
    }

@article{Pesez1971-1980,
    author = {Pesez, Jean-Marie},
    title = {Recherches archéologiques franco-polonaises sur le village médiéval},
    journal = {Cahiers franco-polonais},
    year = 1980,
    language = {français},
    keywords = {art-crh, crh-1980}
    }

@article{Pesez1972-1980,
    author = {Pesez, Jean-Marie},
    title = {L'habitat paysan en Bourgogne viticole du 14e au 19e siècle. Approche anthropologique},
    journal = {Archeologia medievale},
    year = 1980,
    language = {français},
    keywords = {art-crh, crh-1980}
    }

@article{Peter1976-1980,
    author = {Peter, Jean-Pierre},
    title = {L'histoire par les oreilles. Notes sur l'assertion et le fait dans la médecine des Lumières},
    journal = {Le temps de la réflexion},
    year = 1980,
    language = {français},
    keywords = {art-crh, crh-1980}
    }

@article{Piponnier1979-1980,
    author = {Piponnier, Françoise},
    title = {Inventaires bourguigons (14e-15e siècles)},
    journal = {A.A.G. Bijdragen},
    year = 1980,
    language = {français},
    keywords = {art-crh, crh-1980}
    }

@article{Piponnier1980-1980,
    author = {Piponnier, Françoise and M.Baulant and Y.Triantafyllidou and G.Veinstein},
    title = {Problématique et méthode communes aux corpus présentés par les chercheurs de l'EHESS},
    journal = {A.A.G. Bijdragen},
    year = 1980,
    language = {français},
    keywords = {art-crh, crh-1980}
    }

@article{Poisson1982-1980,
    author = {Poisson, Jean-Marie},
    title = {La maison rurale dans les bourgs de Sicile (14e-19e siècles): permanence d'un type?},
    journal = {Archeologia medievale},
    year = 1980,
    language = {français},
    keywords = {art-crh, crh-1980}
    }

@article{Pomian1983-1980,
    author = {Pomian, Krzysztof},
    title = {La dissidence},
    journal = {Libre},
    year = 1980,
    language = {français},
    keywords = {art-crh, crh-1980}
    }

@article{Pomian1984-1980,
    author = {Pomian, Krzysztof},
    title = {Les avatars de l'identité historique},
    journal = {Le Débat},
    year = 1980,
    language = {français},
    keywords = {art-crh, crh-1980}
    }

@article{Pomian1985-1980,
    author = {Pomian, Krzysztof},
    title = {Religions et identités culturelles en Europe centrale et orientale. Introduction au débat: l'exemple polonais},
    journal = {Bulletin info. Gr. tr. Europe centrale orientale},
    year = 1980,
    language = {français},
    keywords = {art-crh, crh-1980}
    }

@article{Pomian1986-1980,
    author = {Pomian, Krzysztof},
    title = {Démons, astrologues et curieux à Florence},
    journal = {Le Débat},
    year = 1980,
    language = {français},
    keywords = {art-crh, crh-1980}
    }

@article{Pomian1987-1980,
    author = {Pomian, Krzysztof},
    title = {La crise de l'avenir},
    journal = {Le Débat},
    year = 1980,
    language = {français},
    keywords = {art-crh, crh-1980}
    }

@article{Reberioux2003-1980,
    author = {Reberioux, Madeleine},
    title = {Jaurès et l'avenir},
    journal = {Bulletin société études jaurésiennes},
    year = 1980,
    language = {français},
    keywords = {art-crh, crh-1980}
    }

@article{Scherrer2012-1980,
    author = {Scherrer, Jutta},
    title = {Contre une histoire sans mémoire: dissidence soviétique et stalinisme},
    journal = {Libre},
    year = 1980,
    language = {français},
    keywords = {art-crh, crh-1980}
    }

@article{Scherrer2013-1980,
    author = {Scherrer, Jutta},
    title = {Un ouvrier-philosophe russe: N.N.Vilonov},
    journal = {Le mouvement social},
    year = 1980,
    language = {français},
    keywords = {art-crh, crh-1980}
    }

@article{Scherrer2014-1980,
    author = {Scherrer, Jutta},
    title = {La "construction de Dieu" marxiste ou la "recherche de Dieu" chrétienne: les termes bogostroitel'stvo et bogoiskatel'stvo},
    journal = {Russia},
    year = 1980,
    language = {français},
    keywords = {art-crh, crh-1980}
    }

@article{Scherrer2015-1980,
    author = {Scherrer, Jutta},
    title = {Solschenizyn und Sinowjew. Publikationen in der Schweiz},
    journal = {Schweizer Monatshefte},
    year = 1980,
    language = {allemand},
    keywords = {art-crh, crh-1980}
    }

@article{Schmitt2019-1980,
    author = {Schmitt, Jean-Claude},
    title = {Le suicide et le confesseur},
    journal = {L'Histoire},
    year = 1980,
    language = {français},
    keywords = {art-crh, crh-1980}
    }

@article{Schnapper2026-1980,
    author = {Schnapper, Dominique},
    title = {L'identité juive est-elle ineffable?},
    journal = {Les nouveaux cahiers},
    year = 1980,
    language = {français},
    keywords = {art-crh, crh-1980}
    }

@article{Sigaut2031-1980,
    author = {Sigaut, François},
    title = {Un tableau des produits animaux et deux hypothèses qui en découlent},
    journal = {Production pastorale et société},
    year = 1980,
    language = {français},
    keywords = {art-crh, crh-1980}
    }

@article{Triantafyllidou2037-1980,
    author = {Triantafyllidou-Baladie, Yolande},
    title = {Les inventaires après décès ottomans de Crète},
    journal = {A.A.G. Bijdragen},
    year = 1980,
    language = {français},
    keywords = {art-crh, crh-1980}
    }

@article{Triantafyllidou2038-1980,
    author = {Triantafyllidou-Baladie, Yolande and M.Baulant and F.Piponnier, and G.Veinstein},
    title = {Problématique et méthodes communes aux corpus présentés parles chercheurs de l'EHESS},
    journal = {A.A.G. Bijdragen},
    year = 1980,
    language = {français},
    keywords = {art-crh, crh-1980}
    }

@article{Valensi2041-1980,
    author = {Valensi, Lucette},
    title = {Archives orales: une autre histoire?},
    journal = {Annales E.S.C.},
    year = 1980,
    language = {français},
    keywords = {art-crh, crh-1980}
    }

@article{Valensi2042-1980,
    author = {Valensi, Lucette},
    title = {Livre montage. Karl Polanyi, The Great Transformation},
    journal = {Le Débat},
    year = 1980,
    language = {français},
    keywords = {art-crh, crh-1980}
    }

@article{Valensi2043-1980,
    author = {Valensi, Lucette and A.L.Udovitch},
    title = {Communautés juives en terre d'Islam: identité et communication à Djerba},
    journal = {Annales E.S.C.},
    year = 1980,
    language = {français},
    keywords = {art-crh, crh-1980}
    }

@article{Wachtel2044-1980,
    author = {Wachtel, Nathan},
    title = {Les minitmas dela vallée de Cochabamba. La politique de colonisation de Huayna Capac},
    journal = {Journal de la société des Américanistes},
    year = 1980,
    language = {français},
    keywords = {art-crh, crh-1980}
    }

@article{Aries2045-1980,
    author = {Aries, Philippe},
    title = {La société devant la mort},
    journal = {Gérontologie et société},
    year = 1980,
    language = {français},
    keywords = {art-crh, crh-1980}
    }

@article{Aries2046-1980,
    author = {Aries, Philippe},
    title = {Two successive motivations for the declining birth rate in the west},
    journal = {Population and development review},
    year = 1980,
    language = {anglais},
    keywords = {art-crh, crh-1980}
    }

@article{Chapelot2052-1980,
    author = {Chapelot, Jean and A.Schnapp},
    title = {L'érosion du passé},
    journal = {L'Histoire},
    year = 1980,
    language = {français},
    keywords = {art-crh, crh-1980}
    }

@book{Aries1518-1980,
    author = {Aries, Philippe},
    title = {Un historien du dimanche},
    publisher = {Seuil},
    series = {},
    location = {Paris},
    year = 1980,
    pagetotal = {},
    language = {français},
    keywords = {book-crh, crh-1980}
    }

@book{Gauchet1564-1980,
    author = {Gauchet, Marcel and G.Swain},
    title = {La pratique de l'esprit humain. L'institution asilaire et la révolution démocratique},
    publisher = {Gallimard},
    series = {Bibliothèque des Sciences humaines},
    location = {Paris},
    year = 1980,
    pagetotal = {519},
    language = {français},
    keywords = {book-crh, crh-1980}
    }

@book{Randles1691-1980,
    author = {Randles, William},
    title = {De la terre plate au globe terrestre. Une mutation épistémiologique rapide, 1480-1520},
    publisher = {Colin},
    series = {cahiers des Annales},
    location = {Paris},
    year = 1980,
    pagetotal = {},
    language = {français},
    keywords = {book-crh, crh-1980}
    }

@book{Schnapper1706-1980,
    author = {Schnapper, Dominique},
    title = {Juifs et Israélites},
    publisher = {Gallimard},
    series = {Idées},
    location = {Paris},
    year = 1980,
    pagetotal = {280},
    language = {français},
    keywords = {book-crh, crh-1980}
    }

@book{Courbin1832-1980,
    author = {Courbin, Paul},
    title = {L'oikos des Naxiens},
    publisher = {de Boccard},
    series = {},
    location = {Paris},
    year = 1980,
    pagetotal = {155},
    language = {français},
    keywords = {book-crh, crh-1980}
    }

@book{Ferro1856-1980,
    author = {Ferro, Marc},
    title = {Des Soviets au communisme bureaucratique},
    publisher = {Gallimard},
    series = {Archives},
    location = {Paris},
    year = 1980,
    pagetotal = {260},
    language = {français},
    keywords = {book-crh, crh-1980}
    }

@book{Ferro1857-1980,
    author = {Ferro, Marc},
    title = {L'occident devant la révolution soviétique 1917-1980: l'histoire de ses mythes},
    publisher = {Complexe},
    series = {},
    location = {Bruxelles},
    year = 1980,
    pagetotal = {152},
    language = {français},
    keywords = {book-crh, crh-1980}
    }

@book{Ferro1860-1980,
    author = {Ferro, Marc},
    title = {Cine e Historia},
    publisher = {Gili},
    series = {},
    location = {Barcelone},
    year = 1980,
    pagetotal = {174},
    language = {espagnol},
    keywords = {book-crh, crh-1980}
    }

@book{Froeschle1868-1980,
    author = {Froeschle-Chopard, Marie-Hélène},
    title = {La religion populaire en Provence orientale au 18e siècle},
    publisher = {Beauchesne},
    series = {},
    location = {Paris},
    year = 1980,
    pagetotal = {418},
    language = {français},
    keywords = {book-crh, crh-1980}
    }

@book{Guillou1888-1980,
    author = {Guillou, André and Delogu and G.Ortalli},
    title = {Longobardi e Bizantini},
    publisher = {U.T.E.T.},
    series = {},
    location = {Turin},
    year = 1980,
    pagetotal = {450},
    language = {italien},
    keywords = {book-crh, crh-1980}
    }

@book{Guillou1891-1980,
    author = {Guillou, André and P.Belli d'Elia and M.St.Calo Mariani and Fonesca and Pace},
    title = {La Puglia fra Bizanzio e l'Occidente},
    publisher = {Electra},
    series = {},
    location = {Milan},
    year = 1980,
    pagetotal = {430},
    language = {italien},
    keywords = {book-crh, crh-1980}
    }

@book{Pomian1989-1980,
    author = {Pomian, Krzysztof},
    title = {Les différentes conceptions de la connaissance de la nature},
    publisher = {CNRS},
    series = {},
    location = {Paris},
    year = 1980,
    pagetotal = {},
    language = {français},
    keywords = {book-crh, crh-1980}
    }

@book{Schnapper2024-1980,
    author = {Schnapper, Dominique and D.Hanet and al.},
    title = {Histoire orale ou archives orales?},
    publisher = {Ass. pour l'étude de l' hist.de la Sécurité soc.l},
    series = {},
    location = {Paris},
    year = 1980,
    pagetotal = {114},
    language = {français},
    keywords = {book-crh, crh-1980}
    }

@book{Tenenti2034-1980,
    author = {Tenenti, Alberto},
    title = {I Rinascimenti},
    publisher = {},
    series = {},
    location = {Florence},
    year = 1980,
    pagetotal = {128},
    language = {italien},
    keywords = {book-crh, crh-1980}
    }

@book{Chapelot2053-1980,
    author = {Chapelot, Jean and R.Fossier},
    title = {Le village et la maison au moyen âge},
    publisher = {Hachette},
    series = {},
    location = {Paris},
    year = 1980,
    pagetotal = {364},
    language = {français},
    keywords = {book-crh, crh-1980}
    }

@inproceedings{Brun1556-1980,
    author = {Brun-Rovet, Jeanine},
    editor = {},
    title = {L'alphabétisation et les Lumières chez les immigrants anglais et allemands aux colonies d'Amérique du Nord au 18e siècle},
    booktitle = {Colloque sur la Révolution américaine, 1978},
    publisher = {CNRS},
    location = {Paris},
    year = 1980,
    pagetotal = {},
    language = {français},
    keywords = {inproceedings-crh, crh-1980}
    }

@inproceedings{Arbellot1762-1980,
    author = {Arbellot, Guy},
    editor = {},
    title = {Le réseau des routes de poste, objet des premières cartes thématiques de la France moderne},
    booktitle = {Actes du 104e congrès national des sociétés savantes, 1980},
    publisher = {},
    location = {},
    year = 1980,
    pagetotal = {19},
    language = {français},
    keywords = {inproceedings-crh, crh-1980}
    }

@inproceedings{Dupaquier1849-1980,
    author = {Dupaquier, Jacques},
    editor = {},
    title = {Les aventures démographiques de la France et de l'Irlande (18e-20e siècles)},
    booktitle = {Actes du 1er colloque franco-irlandais d'histoire économique et sociale, Irlande et France XVIIe-XXe siècles. Pour une histoire rurale comparée},
    publisher = {EHESS},
    location = {Dublin-Paris},
    year = 1980,
    pagetotal = {15},
    language = {français},
    keywords = {inproceedings-crh, crh-1980}
    }

@inproceedings{Hemardinquer1902-1980,
    author = {Hemardinquer, Jean-Jacques},
    editor = {},
    title = {Pop corn et plantes africaines. Bauhin mystifié-mystificateur},
    booktitle = {Actes du 105e congrès national des sociétés savantes},
    publisher = {},
    location = {Caen},
    year = 1980,
    pagetotal = {16},
    language = {français},
    keywords = {inproceedings-crh, crh-1980}
    }

@inproceedings{Poublan1999-1980,
    author = {Poublan, Danièle},
    editor = {},
    title = {Workink class. Mes and women of the parisian region: an example of professional mobility},
    booktitle = {International oral history conference, Amsterdam, 1980},
    publisher = {Université},
    location = {Amsterdam},
    year = 1980,
    pagetotal = {14},
    language = {anglais},
    keywords = {inproceedings-crh, crh-1980}
    }

@inproceedings{Chapelot2054-1980,
    author = {Chapelot, Jean and x},
    editor = {},
    title = {Evaluation du patrimoine archéologique urbain. Procédures d'analyse et programmation des recherches},
    booktitle = {Rapports préliminaires du colloque international d'archéologie urbaine, Tours, 17-20 novembre 1980},
    publisher = {Imprimerie nationale},
    location = {Paris},
    year = 1980,
    pagetotal = {12},
    language = {français},
    keywords = {inproceedings-crh, crh-1980}
    }

@inproceedings{Chapelot2063-1980,
    author = {Chapelot, Jean and J.P.Demoule and A.Schnapp},
    editor = {},
    title = {De la notion d'économie en archéologie et de quelques-uns dese emplois},
    booktitle = {Table ronde du centre de recherches archéologiques du CNRS, Décembre 1977, Coûts et profits en archéologie},
    publisher = {CNRS},
    location = {Paris},
    year = 1980,
    pagetotal = {25},
    language = {français},
    keywords = {inproceedings-crh, crh-1980}
    }

@inreference{Hemardinquer951-1980,
    author = {Hemardinquer, Jean-Jacques},
    editor = {},
    title = {Articles ' Coct.', notices de J.Fabre, C.Fabri, les frères Farel, les Froment, Gabriac},
    booktitle = {Dictionnaire de biographie française  Prévot et Roman d'Amat},
    publisher = {P. LETOUZEY et ANE},
    series = {},
    location = {},
    year = 1980,
    pagetotal = {},
    language = {français},
    keywords = {dict-crh, crh-1980}
    }

@inreference{Schmitt1702-1980,
    author = {Schmitt, Jean-Claude},
    editor = {},
    title = {Christianisme et mythologie. Occident médiéval et pensée mythique},
    booktitle = {Dictionnaire des mythologies},
    publisher = {Flammarion},
    series = {},
    location = {Paris},
    year = 1980,
    pagetotal = {5},
    language = {français},
    keywords = {dict-crh, crh-1980}
    }

@inreference{Pomian1988-1980,
    author = {Pomian, Krzysztof},
    editor = {},
    title = {Periodizzazione},
    booktitle = {Enciclopedia Einaudi},
    publisher = {Einaudi},
    series = {},
    location = {Turin},
    year = 1980,
    pagetotal = {48},
    language = {italien},
    keywords = {dict-crh, crh-1980}
    }

@inreference{Chapelot2049-1980,
    author = {Chapelot, Jean},
    editor = {},
    title = {Archéologie du paysage},
    booktitle = {Universalia},
    publisher = {Encyclopaedia Universalis},
    series = {},
    location = {Paris},
    year = 1980,
    pagetotal = {4},
    language = {français},
    keywords = {dict-crh, crh-1980}
    }

@inreference{Chapelot2050-1980,
    author = {Chapelot, Jean},
    editor = {},
    title = {L'habitat rural en occident du 11e au 19e siècle},
    booktitle = {Universalia, supplément à l'Encyclopedia universalis},
    publisher = {Encyclopaedia Universalis},
    series = {},
    location = {Paris},
    year = 1980,
    pagetotal = {3},
    language = {français},
    keywords = {dict-crh, crh-1980}
    }

@proceedings{Aron1765-1980,
    editor = {Aron, Jean-Paul},
    editortype = {dir.},
    title = {Misérable et glorieuse, la femme su 19e siècle},
    booktitle = {Misérable et glorieuse, la femme su 19e siècle},
    publisher = {Fayard},
    location = {Paris},
    year = 1980,
    pagetotal = {248},
    language = {français},
    keywords = {proceedings-crh, crh-1980}
    }

@proceedings{Sigaut2062-1980,
    editor = {Sigaut, François and M.Gast},
    editortype = {dir.},
    title = {Les techniques de conservation des grains à long terme (t.2)},
    booktitle = {Les techniques de conservation des grains à long terme (t.2)},
    publisher = {CNRS},
    location = {Paris},
    year = 1980,
    pagetotal = {238},
    language = {français},
    keywords = {proceedings-crh, crh-1980}
    }

@collection{Fauve1749-1980,
    author = {Fauve, Antoinette and Claude Motte},
    editor = {},
    title = {De Malthus au malthusianisme},
    booktitle = {Catalogue de l'exposition Malthus hier et aujourd'hui},
    publisher = {Société démo.hist.},
    location = {Paris},
    year = 1980,
    pagetotal = {80},
    language = {français},
    keywords = {expo-crh, crh-1980}
    }

@collection{Motte1952-1980,
    author = {Motte, Claude and A.Fauve-chamoux},
    editor = {},
    title = {participation},
    booktitle = {Catalogue de l'exposition Malthus hier et aujourd'hui},
    publisher = {Société démo.hist.},
    location = {Paris},
    year = 1980,
    pagetotal = {},
    language = {français},
    keywords = {expo-crh, crh-1980}
    }

@collection{Chapelot2055-1980,
    author = {Chapelot, Jean},
    editor = {},
    title = {Les objets de la vie quotidienne},
    booktitle = {Mémoires d'une Amérique. Catalogue de l'exposition du Musée du Nouveau Monde},
    publisher = {},
    location = {La Rochelle},
    year = 1980,
    pagetotal = {6},
    language = {français},
    keywords = {expo-crh, crh-1980}
    }

@incollection{LeGoff1936-1980,
    author = {Le Goff, Jacques},
    editor = {},
    title = {Le Juif dans les exempla médiévaux. Le cas de l'Alphabetum Narrationum},
    booktitle = {},
    publisher = {Complexe},
    location = {Bruxelles},
    year = 1980,
    pagetotal = {12},
    language = {français},
    keywords = {melanges-crh, crh-1980}
    }

@incollection{Nora1955-1980,
    author = {Nora, Pierre},
    editor = {},
    title = {1898: la théorie du complot et la définition de l'identité juive},
    booktitle = {},
    publisher = {Complexe},
    location = {Bruxelles},
    year = 1980,
    pagetotal = {11},
    language = {français},
    keywords = {melanges-crh, crh-1980}
    }

@incollection{Tenenti2032-1980,
    author = {Tenenti, Alberto},
    editor = {},
    title = {Formes d'assurance multirisque à Raguse au milieu du 15e siècle},
    booktitle = {Hommage},
    publisher = {},
    location = {Lyon},
    year = 1980,
    pagetotal = {17},
    language = {français},
    keywords = {melanges-crh, crh-1980}
    }

@incollection{Merino90-1980,
    author = {Merino, J.P.},
    editor = {?},
    title = {Rios Rosas},
    booktitle = {Madrid},
    publisher = {Espara-Calpe},
    location = {},
    year = 1980,
    pagetotal = {},
    language = {espagnol},
    keywords = {collectif-crh, crh-1980}
    }

@incollection{Klapisch188-1980,
    author = {Klapisch-Zuber, Christiane},
    editor = {?},
    title = {L'attribution d'un prénom à l'enfant en Toscane à la fin du moyen âge},
    booktitle = {L'enfant au moyen âge},
    publisher = {CUERMA},
    location = {Aix-en-Provence},
    year = 1980,
    pagetotal = {},
    language = {français},
    keywords = {collectif-crh, crh-1980}
    }

@incollection{Pelus522-1980,
    author = {Pelus, Marie-Louise},
    editor = {?},
    title = {Un des aspects de la naissance d'une conscience européenne : la Russie vue d'Europe occidentale au XVIe siècle},
    booktitle = {La conscience européenne au XVe et XVIe siècles},
    publisher = {},
    location = {},
    year = 1980,
    pagetotal = {20},
    language = {français},
    keywords = {collectif-crh, crh-1980}
    }

@incollection{Sigaut642-1980,
    author = {Sigaut, François},
    editor = {J.Shejbal},
    title = {Significance of underground storage in traditional systems of grain production},
    booktitle = {Controlled atmosphere storage of grains},
    publisher = {Elsevier},
    location = {Amsterdam},
    year = 1980,
    pagetotal = {11},
    language = {anglais},
    keywords = {collectif-crh, crh-1980}
    }

@incollection{Tenenti643-1980,
    author = {Tenenti, Alberto},
    editor = {?},
    title = {L'uso scenografico degli spazi pubblici},
    booktitle = {Tiziano e Venezia},
    publisher = {},
    location = {Vicence},
    year = 1980,
    pagetotal = {6},
    language = {italien},
    keywords = {collectif-crh, crh-1980}
    }

@incollection{Aries655-1980,
    author = {Aries, Philippe},
    editor = {?},
    title = {Permanence et différence dans la pensée historique},
    booktitle = {Séminaires interdisciplinaires du Collège de France. Analogies et connaissance I. Recherches historiques},
    publisher = {},
    location = {},
    year = 1980,
    pagetotal = {3},
    language = {français},
    keywords = {collectif-crh, crh-1980}
    }

@incollection{Revel664-1980,
    author = {Revel, Jacques and R.Chartier},
    editor = {?},
    title = {Le paysan, l'ours et St-Augustin},
    booktitle = {La découverte de la France au 17e siècle},
    publisher = {CNRS},
    location = {Paris},
    year = 1980,
    pagetotal = {},
    language = {français},
    keywords = {collectif-crh, crh-1980}
    }

@incollection{Beutler1504-1980,
    author = {Beutler, Corinne},
    editor = {M.Gast and F.Sigaut},
    title = {Traditions et innovations dans les techniques de conservation des grains à la campagne et à la ville (Europe occidentale 15e-18e siècles). Examen critique des sources},
    booktitle = {Les techniques de la conservation des grains dans le long terme},
    publisher = {CNRS},
    location = {Paris},
    year = 1980,
    pagetotal = {},
    language = {français},
    keywords = {collectif-crh, crh-1980}
    }

@incollection{Chaussinand1528-1980,
    author = {Chaussinand-Nogaret, Guy},
    editor = {?},
    title = {Le fisc et les privilègiés sous l'Ancien Régime},
    booktitle = {La fiscalité et ses implications sociales en Italie et en France aux 17e et 18e siècles},
    publisher = {Ecole française},
    location = {Rome},
    year = 1980,
    pagetotal = {16},
    language = {français},
    keywords = {collectif-crh, crh-1980}
    }

@incollection{Chartier1815-1980,
    author = {Chartier, Roger and J.Revel},
    editor = {?},
    title = {Le paysan, l'ours et St-Augustin},
    booktitle = {La découverte de la France au 18e siècle},
    publisher = {CNRS},
    location = {Paris},
    year = 1980,
    pagetotal = {6},
    language = {français},
    keywords = {collectif-crh, crh-1980}
    }

@incollection{LeGoff2151-1980,
    author = {Le Goff, Jacques},
    editor = {?},
    title = {Réalités sociales et codes idéologiques au début du 13e siècle: un exemplum de J. de Vitry sur les tournois},
    booktitle = {Publication commémorative, T.4},
    publisher = {},
    location = {},
    year = 1980,
    pagetotal = {},
    language = {français},
    keywords = {collectif-crh, crh-1980}
    }

@incollection{Pomian2527-1980,
    author = {Pomian, Krzysztof},
    editor = {J.Le Goff},
    title = {Storia della strutture},
    booktitle = {La nuova storia},
    publisher = {Mondatori},
    location = {Milan},
    year = 1980,
    pagetotal = {30},
    language = {italien},
    keywords = {collectif-crh, crh-1980}
    }

@incollection{Perrot2605-1980,
    author = {Perrot, Jean-Claude},
    editor = {?},
    title = {La statistique dans le premier dictionnaire d'économie politique},
    booktitle = {Statistik und Stats-beschreibung in der Neuzreit},
    publisher = {Paderboon},
    location = {Munich},
    year = 1980,
    pagetotal = {},
    language = {français},
    keywords = {collectif-crh, crh-1980}
    }

@incollection{Ozouf2696-1980,
    author = {Ozouf, Mona},
    editor = {?},
    title = {La Révolution française et la perception de l'espace national: fédérations, fédéralisme et stéréotypes régionaux},
    booktitle = {History and current significance of a form of government},
    publisher = {},
    location = {La Haye},
    year = 1980,
    pagetotal = {},
    language = {français},
    keywords = {collectif-crh, crh-1980}
    }

@incollection{Peter2750-1980,
    author = {Peter, Jean-Pierre},
    editor = {J.P.Aron},
    title = {Les médecins et les femmes},
    booktitle = {Misérable et glorieuse, la femme au 19e siècle},
    publisher = {Fayard},
    location = {Paris},
    year = 1980,
    pagetotal = {19},
    language = {français},
    keywords = {collectif-crh, crh-1980}
    }

@incollection{Fridenson3047-1980,
    author = {Fridenson, Patrick},
    editor = {G.Weill},
    title = {…Et l'automobile},
    booktitle = {Panorama des Hauts-de-Seine, 1750-1950},
    publisher = {Archives département},
    location = {Nanterre},
    year = 1980,
    pagetotal = {2},
    language = {français},
    keywords = {collectif-crh, crh-1980}
    }

@incollection{Delille3199-1980,
    author = {Delille, Gérard},
    editor = {?},
    title = {La peste de 1656 dans le diocèse de Salerne. Quelques résultats et problèmes},
    booktitle = {Les grandes mortalités: étude méthodologique des crises démographiques du passé},
    publisher = {},
    location = {Liège},
    year = 1980,
    pagetotal = {10},
    language = {français},
    keywords = {collectif-crh, crh-1980}
    }

@incollection{Dupaquier3363-1980,
    author = {Dupaquier, Jacques},
    editor = {?},
    title = {La démographie historique},
    booktitle = {Démographie politique},
    publisher = {Economica},
    location = {Paris},
    year = 1980,
    pagetotal = {25},
    language = {français},
    keywords = {collectif-crh, crh-1980}
    }

@incollection{Dupaquier3398-1980,
    author = {Dupaquier, Jacques},
    editor = {S.Pascu},
    title = {Les publications statistiques},
    booktitle = {Populatie si societate},
    publisher = {Dacia},
    location = {Cluj-Napoca},
    year = 1980,
    pagetotal = {4},
    language = {français},
    keywords = {collectif-crh, crh-1980}
    }

@incollection{Jeannin3439-1980,
    author = {Jeannin, Pierre},
    editor = {?},
    title = {Les pratiques commerciales des colonies marchndes étrangères dans les ports français (16e-18e siècles)},
    booktitle = {Négoce et industrie en France et en Irlande aux 18e et 19e siècles},
    publisher = {CNRS},
    location = {Paris},
    year = 1980,
    pagetotal = {6},
    language = {français},
    keywords = {collectif-crh, crh-1980}
    }

@incollection{Goubert4799-1980,
    author = {Goubert, Jean-Pierre},
    editor = {A.Imhof},
    title = {L'hygiène de l'eau dans la France contemporaine d'après les thèses de doctorat dela Faculté de médecine de Paris (1830-1940)},
    booktitle = {Mensch und Gesundheit in der Geschichte},
    publisher = {},
    location = {Husum},
    year = 1980,
    pagetotal = {20},
    language = {français},
    keywords = {collectif-crh, crh-1980}
    }

@incollection{Goubert4841-1980,
    author = {Goubert, Jean-Pierre and G.Arbellot},
    editor = {W.Paravicini and K.F.Werner},
    title = {De la cartographie historique à l'histoire de l'espace administratif. Les subdélégations françaises à la fin du 18e siècle},
    booktitle = {Histoire comparée de l'administration (4e-18e siècles)},
    publisher = {},
    location = {Zürich et Munich},
    year = 1980,
    pagetotal = {17},
    language = {français},
    keywords = {collectif-crh, crh-1980}
    }

@incollection{Goubert4858-1980,
    author = {Goubert, Jean-Pierre},
    editor = {R.Forster and O.Ranum},
    title = {The Art of Healing. Learned Medecine and Popular Medecine in the France of 1790},
    booktitle = {Medecine and society in 18th century France. Selections from Annales ESC},
    publisher = {},
    location = {Baltimore},
    year = 1980,
    pagetotal = {},
    language = {anglais},
    keywords = {collectif-crh, crh-1980}
    }

@incollection{Daumard5021-1980,
    author = {Daumard, Adeline},
    editor = {?},
    title = {La bourgeoisie française au temps des épreuves},
    booktitle = {Histoire économique et sociale de la France},
    publisher = {PUF},
    location = {Paris},
    year = 1980,
    pagetotal = {46},
    language = {français},
    keywords = {collectif-crh, crh-1980}
    }

@article{Nora1658-1980,
    author = {Nora, Pierre},
    title = {Que peuvent les intellectuels?, éditorial},
    journal = {Le Débat},
    issuetitle = {},
    year = 1980,
    language = {français},
    keywords = {preface-journal-crh, crh-1980}
    }

@incollection{Peter1975-1980,
    author = {Peter, Jean-Pierre},
    editor = {},
    title = {Préface},
    booktitle = {Les nourrices à Paris au 19e siècle},
    publisher = {Payot},
    location = {Paris},
    year = 1980,
    pagetotal = {8},
    language = {français},
    keywords = {preface-book-crh, crh-1980}
    }

@incollection{Reberioux2006-1980,
    author = {Reberioux, Madeleine},
    editor = {},
    title = {préface},
    booktitle = {Discours parlementaires de Jaurès},
    publisher = {Slatkine},
    location = {},
    year = 1980,
    pagetotal = {},
    language = {français},
    keywords = {preface-book-crh, crh-1980}
    }

@book{Gauchet1571-1980,
    author = {Gauchet, Marcel},
    title = {Des passions considérées comme causes, symptômes et moyens curatifs de l'aliénation mentale},
    publisher = {Librairie Deux Monde},
    series = {},
    location = {Paris},
    year = 1980,
    pagetotal = {11},
    language = {français},
    % addendum = {préface à la réédition: Du traitement de la manie aux passions. La folie et l'union de l'âme et du corps},
    keywords = {edition-txt-crh, crh-1980}
    }

@book{Gauchet1572-1980,
    author = {Gauchet, Marcel},
    title = {De la liberté chez les modernes},
    publisher = {livre de poche},
    series = {Pluriel},
    location = {Paris},
    year = 1980,
    pagetotal = {81},
    language = {français},
    % addendum = {Préface: Benjamin Constant: l'illusion lucide ou libéralisme},
    keywords = {edition-txt-crh, crh-1980}
    }

@book{Tenenti2033-1980,
    author = {Tenenti, Alberto},
    title = {La société de Cour},
    publisher = {},
    series = {},
    location = {Bologne},
    year = 1980,
    pagetotal = {13},
    language = {italien},
    % addendum = {Introduction},
    keywords = {edition-txt-crh, crh-1980}
    }

@report{Goy1879-1980,
    author = {Goy, Joseph and A.Burguière and J.Ozouf},
    title = {Archives orales pour l'histoire. Histoire de vie et anthropologie historique du changement},
    publisher = {},
    institution = {DGRST},
    location = {},
    year = 1980,
    pagetotal = {},
    language = {français},
    keywords = {report-crh, crh-1980}
    }

@report{Chapelot2051-1980,
    author = {Chapelot, Jean and A. Geistdoerfer and E.Rieth},
    title = {Les iles St-Pierre et Miquelon: étude archéologique, historique et ethnographique},
    publisher = {MSH},
    institution = {},
    location = {Paris},
    year = 1980,
    pagetotal = {178},
    language = {français},
    keywords = {report-crh, crh-1980}
    }

@book{Fauve1748-1980,
    author = {Fauve, Antoinette and W.Petersen},
    title = {traduction de: Malthus, le premier anti-malthusien},
    publisher = {Dunod},
    series = {},
    location = {Paris},
    year = 1980,
    pagetotal = {270},
    language = {français},
    keywords = {traduction-crh, crh-1980}
    }

@book{Guillou1889-1980,
    author = {Guillou, André},
    editor = {},
    title = {Saint-Jean Théristès (1054-1264). Corpus des Actes grecs},
    publisher = {Vatican},
    series = {},
    location = {Rome},
    year = 1980,
    pagetotal = {380},
    language = {italien},
    keywords = {outil-recherche-crh, crh-1980}
    }

@book{Julia1909-1980,
    author = {Julia, Dominique},
    editor = {},
    title = {Répertoire des visites pastorales. Première série. Anciens diocèses (jusqu'en 1790)},
    publisher = {Paris},
    series = {CNRS},
    location = {},
    year = 1980,
    pagetotal = {},
    language = {français},
    keywords = {outil-recherche-crh, crh-1980}
    }

@book{LeMee1947-1980,
    author = {Le Mee, René},
    editor = {},
    title = {bibliographie},
    publisher = {Lecerf},
    series = {},
    location = {Rouen},
    year = 1980,
    pagetotal = {},
    language = {français},
    keywords = {outil-recherche-crh, crh-1980}
    }

@thesis{Fenot1755-1980,
    author = {Fenot, P},
    title = {Etude anthropologique des relations espace-population dans une commune rurale des Pyrénées Atlantiques},
    institution = {},
    location = {Paris-EHESS},
    year = 1980,
    pagetotal = {},
    language = {français},
    keywords = {theses-crh, crh-1980}
    }

@thesis{Netter1756-1980,
    author = {Netter, Marie-Laurence},
    title = {Alphabétisation et scolarisation dans l'Yonne et dans la Haute-Garonne de la fin du 17e siècle à 1833},
    institution = {},
    location = {Paris},
    year = 1980,
    pagetotal = {},
    language = {français},
    keywords = {theses-crh, crh-1980}
    }

@thesis{Beck2058-1980,
    author = {Beck, Patrice},
    title = {Une ville rurale à la fin du moyen âge: Nuits (Bourgogne). Espace, démographie et société},
    institution = {},
    location = {Paris},
    year = 1980,
    pagetotal = {},
    language = {français},
    keywords = {theses-crh, crh-1980}
    }

@incollection{Bonnain1786-1980,
    author = {Bonnain, Rolande},
    editor = {},
    title = {Le temps historique chez les forgerons},
    booktitle = {Ethnologie historique du changement},
    publisher = {},
    series = {},
    location = {},
    year = 1980,
    pagetotal = {17},
    language = {français},
    keywords = {art-rapport-crh, crh-1980}
    }

@incollection{Bonnain1788-1980,
    author = {Bonnain, Rolande},
    editor = {},
    title = {La transformation des rapports ville-campagne vue à travers l'étude du système des places marchandes des Hautes-Pyrénées},
    booktitle = {Ethnologie historique du changement},
    publisher = {},
    series = {},
    location = {},
    year = 1980,
    pagetotal = {100},
    language = {français},
    keywords = {art-rapport-crh, crh-1980}
    }

@incollection{Grinberg1886-1980,
    author = {Grinberg, Martine and J.L.Ballais and M.Gruet and E.Zadora-Rio},
    editor = {},
    title = {Analyse des sources écrites (aveux) 15e-18e siècles},
    booktitle = {Evolution de l'habitat et histoire du paysage dans le Maine-et-Loire. La commune de Marigné},
    publisher = {},
    series = {},
    location = {},
    year = 1980,
    pagetotal = {17},
    language = {français},
    keywords = {art-rapport-crh, crh-1980}
    }

@incollection{Pasquet1963-1980,
    author = {Pasquet, Yvonne},
    editor = {A.Burguière and J.Goy and J.Ozouf},
    title = {Repères et perception du changement à travers les récits de vie des ruraux},
    booktitle = {Archives orales pour l'histoire},
    publisher = {DGRST},
    series = {},
    location = {Paris},
    year = 1980,
    pagetotal = {25},
    language = {français},
    keywords = {art-rapport-crh, crh-1980}
    }

@incollection{Pasquet1964-1980,
    author = {Pasquet, Yvonne and J.Goy and P.Pezerat},
    editor = {A.Burguière and J.Goy and J.Ozouf},
    title = {Les histoires de vie: sources pour l'histoire de la guerre et de ses représentations},
    booktitle = {Archives orales pour l'histoire},
    publisher = {DGRST},
    series = {},
    location = {Paris},
    year = 1980,
    pagetotal = {16},
    language = {français},
    keywords = {art-rapport-crh, crh-1980}
    }

@incollection{Pezerat1977-1980,
    author = {Pezerat-Lebrun, Pierrette},
    editor = {A.Burguière and J.Ozouf},
    title = {Les repères du changement à travers les récits de vie d'ouvriers},
    booktitle = {Archives orales pour l'histoire},
    publisher = {DGRST},
    series = {},
    location = {Paris},
    year = 1980,
    pagetotal = {},
    language = {français},
    keywords = {art-rapport-crh, crh-1980}
    }

@incollection{Pezerat1978-1980,
    author = {Pezerat-Lebrun, Pierrette and Y.Pasquet},
    editor = {},
    title = {Les guerres dans les récits de vie},
    booktitle = {Archives orales pour l'histoire},
    publisher = {DGRST},
    series = {},
    location = {Paris},
    year = 1980,
    pagetotal = {},
    language = {français},
    keywords = {art-rapport-crh, crh-1980}
    }

@incollection{Poublan2067-1980,
    author = {Poublan, Danièle},
    editor = {A.Burguière and J.Goy and J.Ozouf},
    title = {La mobilité socio-professionnelle des ouvriers et des ouvrières d'après les récits de vie},
    booktitle = {Archives orales pour l'histoire},
    publisher = {DGRST},
    series = {},
    location = {Paris},
    year = 1980,
    pagetotal = {},
    language = {français},
    keywords = {art-rapport-crh, crh-1980}
    }

