@article{Flandrin820-1982,
    author = {Flandrin, Jean-Louis},
    title = {La vie sexuelle des gens mariés dans l'ancienne société...},
    journal = {Communications},
    year = 1982,
    language = {français},
    keywords = {art-crh, crh-1982}
    }

@article{Andreau1759-1982,
    author = {Andreau, Jean},
    title = {Originaliuté de l'historiographie finleyenne et remarques sur les classes sociales},
    journal = {Opus},
    year = 1982,
    language = {français},
    keywords = {art-crh, crh-1982}
    }

@article{Chartier1812-1982,
    author = {Chartier, Roger and G.Vigarello},
    title = {Les trajectoires du sport. Pratiques et spectacle},
    journal = {Le Débat},
    year = 1982,
    language = {français},
    keywords = {art-crh, crh-1982}
    }

@article{Chaussinand1816-1982,
    author = {Chaussinand-Nogaret, Guy},
    title = {Le cas Mirabeau: la corruption en politique},
    journal = {L'Histoire},
    year = 1982,
    language = {français},
    keywords = {art-crh, crh-1982}
    }

@article{Courbin1831-1982,
    author = {Courbin, Paul},
    title = {Gourdes},
    journal = {Revue archéologique},
    year = 1982,
    language = {français},
    keywords = {art-crh, crh-1982}
    }

@article{Descimon1837-1982,
    author = {Descimon, Robert},
    title = {La Ligue: des divergences fondamentales},
    journal = {Annales E.S.C.},
    year = 1982,
    language = {français},
    keywords = {art-crh, crh-1982}
    }

@article{Goubert1876-1982,
    author = {Goubert, Jean-Pierre},
    title = {Culture ethnographique, culture scientifique: l'eau dans la France du 19e siècle},
    journal = {Bulletin de liaison séminaire ethnomédecine},
    year = 1982,
    language = {français},
    keywords = {art-crh, crh-1982}
    }

@article{Jouhaud1907-1982,
    author = {Jouhaud, Christian},
    title = {La construction de l'image de l'autre chez Jean de Gaufreteau},
    journal = {XVIIe siècle},
    year = 1982,
    language = {français},
    keywords = {art-crh, crh-1982}
    }

@article{Klapisch1931-1982,
    author = {Klapisch-Zuber, Christiane},
    title = {Le complexe de Griselda. Dot et dons de mariage au Quattrocento},
    journal = {Mélanges de l'Ecole française de Rome},
    year = 1982,
    language = {français},
    keywords = {art-crh, crh-1982}
    }

@article{Lemay1946-1982,
    author = {Lemay, Edna},
    title = {La vie parisienne des députés de "89"},
    journal = {L'Histoire},
    year = 1982,
    language = {français},
    keywords = {art-crh, crh-1982}
    }

@article{Pomian1997-1982,
    author = {Pomian, Krzysztof},
    title = {Démons, astrologues et curieux à Florence},
    journal = {History of european ideas},
    year = 1982,
    language = {français},
    keywords = {art-crh, crh-1982}
    }

@article{Scherrer2018-1982,
    author = {Scherrer, Jutta},
    title = {Furor teutonicus? Furia francese! Deutsche Impressionen aus Paris},
    journal = {Merkur},
    year = 1982,
    language = {allemand},
    keywords = {art-crh, crh-1982}
    }

@article{Schmitt2023-1982,
    author = {Schmitt, Jean-Claude},
    title = {Menschen, Tiere und Dämonen. Volkskunde und Geschichte},
    journal = {Saeculum},
    year = 1982,
    language = {allemand},
    keywords = {art-crh, crh-1982}
    }

@article{Chaussinand2064-1982,
    author = {Chaussinand-Nogaret, Guy},
    title = {Un aspect de la pensée nobiliaire: l'antinobilisme},
    journal = {Revue d'histoire moderne et contemporaine},
    year = 1982,
    language = {français},
    keywords = {art-crh, crh-1982}
    }

@article{Chaussinand2065-1982,
    author = {Chaussinand-Nogaret, Guy and Louis Bergeron},
    title = {Notables héraultais du Premier Empire : modèles et ruptures},
    journal = {Etudes dur l'Hérault},
    year = 1982,
    language = {français},
    keywords = {art-crh, crh-1982}
    }

@article{Andreau2077-1982,
    author = {Andreau, Jean},
    title = {Originalité de l'historiographie finleyenne, et remarques sur les classes sociales},
    journal = {Opus},
    year = 1982,
    language = {français},
    keywords = {art-crh, crh-1982}
    }

@article{Andreau2078-1982,
    author = {Andreau, Jean},
    title = {Styles de vie et finances privées à la fin de la République},
    journal = {Quaderni Storia},
    year = 1982,
    language = {français},
    keywords = {art-crh, crh-1982}
    }

@article{Andreau2079-1982,
    author = {Andreau, Jean},
    title = {Brèves remarques sur les banques et le crédit au Ier siècle av. J.-C.},
    journal = {Annali dell'Istituto Italiano di Numismatica},
    year = 1982,
    language = {français},
    keywords = {art-crh, crh-1982}
    }

@article{Aymard2088-1982,
    author = {Aymard, Maurice},
    title = {From Feudalism to Capitalism in Italy : The Case that Doesn't Fit},
    journal = {Review},
    year = 1982,
    language = {anglais},
    keywords = {art-crh, crh-1982}
    }

@article{Bergeron2106-1982,
    author = {Bergeron, Louis},
    title = {La signification de la propriété foncière dans les grandes fortunes d'affaires en France (Premier Empire - Restauration)},
    journal = {Annuario dell'Istituto Storico Italiano per l'età moderna e contemporanea},
    year = 1982,
    language = {français},
    keywords = {art-crh, crh-1982}
    }

@article{Bergeron2107-1982,
    author = {Bergeron, Louis and G. Chaussinand-Nogaret},
    title = {Notables héraultais du Premier Empire : modèles et ruptures},
    journal = {Etudes sur l'Hérault},
    year = 1982,
    language = {français},
    keywords = {art-crh, crh-1982}
    }

@article{Berlioz2110-1982,
    author = {Berlioz, Jacques},
    title = {Métaphore, lieux communs et récit exemplaire : les images de la folie simulée dans la vie du terrible Robert le Dyable (1496)},
    journal = {Symboles de la Renaissance, Arts et langage},
    year = 1982,
    language = {français},
    keywords = {art-crh, crh-1982}
    }

@article{Beutler2115-1982,
    author = {Beutler, Corinne},
    title = {Le rôle du blé à Montréal sous le régime seigneurial},
    journal = {Revue d'Histoire de l'Amérique Française},
    year = 1982,
    language = {français},
    keywords = {art-crh, crh-1982}
    }

@article{Beutler2116-1982,
    author = {Beutler, Corinne},
    title = {Moissonneurs européens d'hier ? Moissonneuses indiennes d'aujourd'hui ? Contribution à l'étude de la femme et l'outil},
    journal = {Pénélope},
    year = 1982,
    language = {français},
    keywords = {art-crh, crh-1982}
    }

@article{Bonnain2119-1982,
    author = {Bonnain, Rolande},
    title = {Ragots villageois et ragots urbains},
    journal = {Lavedan et Pays Toy},
    year = 1982,
    language = {français},
    keywords = {art-crh, crh-1982}
    }

@article{Bonnain2124-1982,
    author = {Bonnain, Rolande},
    title = {Héritage et autorité},
    journal = {Pénélope},
    year = 1982,
    language = {français},
    keywords = {art-crh, crh-1982}
    }

@article{Brabant2137-1982,
    author = {Brabant, Eva},
    title = {Le coupable innocent : le poète Attila Jozsef et ses psychanalises},
    journal = {Le Coq Héron},
    year = 1982,
    language = {français},
    keywords = {art-crh, crh-1982}
    }

@article{Braunstein2138-1982,
    author = {Braunstein, Philippe},
    title = {L'espace germanique de la gravure avant Dürer},
    journal = {Nouvelles de l'estampe},
    year = 1982,
    language = {français},
    keywords = {art-crh, crh-1982}
    }

@article{Burguiere2149-1982,
    author = {Burguiere, André},
    title = {The fate of the history of mentalities in the Annales},
    journal = {Comparative Studies in Society and History},
    year = 1982,
    language = {anglais},
    keywords = {art-crh, crh-1982}
    }

@article{Chartier2170-1982,
    author = {Chartier, Roger},
    title = {Espace social et imaginaire social : les intellectuels frustrés au XVIIe siècle},
    journal = {Annales E.S.C.},
    year = 1982,
    language = {français},
    keywords = {art-crh, crh-1982}
    }

@article{Chaussinand2191-1982,
    author = {Chaussinand-Nogaret, Guy},
    title = {Un aspect de la pensée nobiliaire au 18e siècle :l'antinobilisme},
    journal = {Revue d'Histoire Moderne et Contemporaine},
    year = 1982,
    language = {français},
    keywords = {art-crh, crh-1982}
    }

@article{Courbin2195-1982,
    author = {Courbin, Paul},
    title = {Etymologicum Magnum s.v. obeliskos : les obéloi d'Argos \& les autres},
    journal = {REG},
    year = 1982,
    language = {français},
    keywords = {art-crh, crh-1982}
    }

@article{Courbin2198-1982,
    author = {Courbin, Paul},
    title = {La Truelle d'Or},
    journal = {Archéologia},
    year = 1982,
    language = {français},
    keywords = {art-crh, crh-1982}
    }

@article{Demonet2214-1982,
    author = {Demonet, Michel and G. Granasztoi},
    title = {Une ville de Hongrie au milieu du XVIe siècle, analyse factorielle et modèle sociale},
    journal = {Annales E.S.C.},
    year = 1982,
    language = {français},
    keywords = {art-crh, crh-1982}
    }

@article{Derouet2215-1982,
    author = {Derouet, Bernard},
    title = {Famille, menage paysan et mobilité de la terre et des personnes en Thimerais au XVIIIe siècle},
    journal = {Etudes Rurales},
    year = 1982,
    language = {français},
    keywords = {art-crh, crh-1982}
    }

@article{Descimon2219-1982,
    author = {Descimon, Robert},
    title = {La ligue à Paris (1585-1594) : une révision},
    journal = {Annales E.S.C.},
    year = 1982,
    language = {français},
    keywords = {art-crh, crh-1982}
    }

@article{Descimon2220-1982,
    author = {Descimon, Robert},
    title = {La Ligue : des divergences fondamentales},
    journal = {Annales E.S.C.},
    year = 1982,
    language = {français},
    keywords = {art-crh, crh-1982}
    }

@article{Descimon2221-1982,
    author = {Descimon, Robert},
    title = {Les capitaines bourgeois des quartiers Saint-Séverin et Sainte-Geneviève durant la Ligue (1588-1594) : le partage politique de la rive gauche},
    journal = {La Montagne Sainte-Geneviève et ses abords},
    year = 1982,
    language = {français},
    keywords = {art-crh, crh-1982}
    }

@article{Dupaquier2230-1982,
    author = {Dupaquier, Jacques},
    title = {Nos ancètres étaient-elles vertueuses ?},
    journal = {Gé-Magazine},
    year = 1982,
    language = {français},
    keywords = {art-crh, crh-1982}
    }

@article{Farge2249-1982,
    author = {Farge, Arlette},
    title = {L'espace parisien au XVIIIe siècle d'après les ordonnances de police},
    journal = {Ethnologie Française},
    year = 1982,
    language = {français},
    keywords = {art-crh, crh-1982}
    }

@article{Goubert2309-1982,
    author = {Goubert, Jean-Pierre},
    title = {La pénétration du médecin dans le corps social en France (1770-1850)},
    journal = {Histoire des sciences médicales},
    year = 1982,
    language = {français},
    keywords = {art-crh, crh-1982}
    }

@article{Goubert2310-1982,
    author = {Goubert, Jean-Pierre},
    title = {Vrais et faux médecins en France : 1780-1980},
    journal = {Bulletin d'Ethnomédecine},
    year = 1982,
    language = {français},
    keywords = {art-crh, crh-1982}
    }

@article{Goubert2311-1982,
    author = {Goubert, Jean-Pierre},
    title = {Die Medikalisierung der französischen Gesellschaft am Ende des Ancien Regime : die Bretagne als Beispiel},
    journal = {Medizin-historisches Journal},
    year = 1982,
    language = {allemand},
    keywords = {art-crh, crh-1982}
    }

@article{Guery2334-1982,
    author = {Guery, Alain},
    title = {Technica, economia y sociedad. La conservacion de granos, un nuevo terreno para les historiadores},
    journal = {Cuadernos de Investigacion Historica},
    year = 1982,
    language = {espagnol},
    keywords = {art-crh, crh-1982}
    }

@article{Guillou2343-1982,
    author = {Guillou, André},
    title = {Monastères byzantins inconnus de Calabre (Xe siècle)},
    journal = {Rivista di studi bizantini e slavi},
    year = 1982,
    language = {français},
    keywords = {art-crh, crh-1982}
    }

@article{Halevi2351-1982,
    author = {Halevi, Ran-Yedid},
    title = {Le début des loges maçonniques en France},
    journal = {L'histoire},
    year = 1982,
    language = {français},
    keywords = {art-crh, crh-1982}
    }

@article{Jeannin2374-1982,
    author = {Jeannin, Pierre},
    title = {The Sea-borne and the Overland Trade Routes of Northern Europe in the XVIth and XVIIth centuries},
    journal = {Journal of European Economic History},
    year = 1982,
    language = {anglais},
    keywords = {art-crh, crh-1982}
    }

@article{Jorland2376-1982,
    author = {Jorland, Gérard},
    title = {Paradigme et réfutabilité},
    journal = {Le Temps de la réflexion},
    year = 1982,
    language = {français},
    keywords = {art-crh, crh-1982}
    }

@article{Julia2387-1982,
    author = {Julia, Dominique and D. McKee},
    title = {Le clergé paroissial dans le diocèse de Reims sous l'épiscopat de Charles-Maurice Le Tellier, Origine et carrières},
    journal = {Revue d'histoire moderne et contemporaine},
    year = 1982,
    language = {français},
    keywords = {art-crh, crh-1982}
    }

@article{Julliard2395-1982,
    author = {Julliard, Jacques},
    title = {Le gaullisme a cessé d'agir},
    journal = {l'Histoire},
    year = 1982,
    language = {français},
    keywords = {art-crh, crh-1982}
    }

@article{Julliard2396-1982,
    author = {Julliard, Jacques},
    title = {Mitterrand entre le socialisme et la République},
    journal = {Intervention},
    year = 1982,
    language = {français},
    keywords = {art-crh, crh-1982}
    }

@article{LeGoff2422-1982,
    author = {Le Goff, Jacques},
    title = {Barthes administrateur},
    journal = {Communications},
    year = 1982,
    language = {français},
    keywords = {art-crh, crh-1982}
    }

@article{LeGoff2425-1982,
    author = {Le Goff, Jacques},
    title = {Saint Louis et les corps royaux},
    journal = {Le Temps de la réflexion},
    year = 1982,
    language = {français},
    keywords = {art-crh, crh-1982}
    }

@article{Lepetit2460-1982,
    author = {Lepetit, Bernard},
    title = {Fonction administrative et armature urbaine : remarques sur la distribution des chefs-lieux de subdélégation en France à la fin de l'Ancien Régime},
    journal = {Recherches et travaux, Institut d'Histoire Economique et Sociale de Paris I},
    year = 1982,
    language = {français},
    keywords = {art-crh, crh-1982}
    }

@article{Lepetit2461-1982,
    author = {Lepetit, Bernard and J.-P. Goubert},
    title = {Les niveaux de médicalisaion des villes françaises à la fin de l'Ancien Régime},
    journal = {Historical Reflections},
    year = 1982,
    language = {français},
    keywords = {art-crh, crh-1982}
    }

@article{Nahoum2475-1982,
    author = {Nahoum-Grappe, Véronique},
    title = {Violences esthétiques ou les ravages de la beauté},
    journal = {Pénélope},
    year = 1982,
    language = {français},
    keywords = {art-crh, crh-1982}
    }

@article{Nahoum2476-1982,
    author = {Nahoum-Grappe, Véronique},
    title = {Violence familiale : un exemple},
    journal = {Pénélope},
    year = 1982,
    language = {français},
    keywords = {art-crh, crh-1982}
    }

@article{Pelus2500-1982,
    author = {Pelus, Marie-Louise},
    title = {Subsistances et commerce français en Mer Baltique dans la seconde moitié du XVIe siècle},
    journal = {Przeglad Historyczny},
    year = 1982,
    language = {français},
    keywords = {art-crh, crh-1982}
    }

@article{Pelus2501-1982,
    author = {Pelus, Marie-Louise},
    title = {Marchands et échevins d'Amiens dans la seconde moitié du XVIe siècle : crise de subsistances, commerce et profits en 1586-1587},
    journal = {Revue du Nord},
    year = 1982,
    language = {français},
    keywords = {art-crh, crh-1982}
    }

@article{Perrot2503-1982,
    author = {Perrot, Jean-Claude},
    title = {Despotische Vernunft und ökonomische Utopie},
    journal = {Utopie-Forschung, interdisziplinäre Studien zur neuzeitlichen Utopie},
    year = 1982,
    language = {allemand},
    keywords = {art-crh, crh-1982}
    }

@article{Podselver2522-1982,
    author = {Podselver, Laurence},
    title = {La table comme sujet métaphorique et facteur identitaire},
    journal = {Traces},
    year = 1982,
    language = {français},
    keywords = {art-crh, crh-1982}
    }

@article{Pomian2531-1982,
    author = {Pomian, Krzysztof},
    title = {L'Architecture temporelle de la civilisation contemporaine},
    journal = {Temps Libre},
    year = 1982,
    language = {français},
    keywords = {art-crh, crh-1982}
    }

@article{Pomian2532-1982,
    author = {Pomian, Krzysztof},
    title = {La culture de la curiosité},
    journal = {Le temps de la réflexion},
    year = 1982,
    language = {français},
    keywords = {art-crh, crh-1982}
    }

@article{Pomian2533-1982,
    author = {Pomian, Krzysztof},
    title = {Samedi, 19 décembre 1981, à 17 heures, Varsovie},
    journal = {Le Genre humain},
    year = 1982,
    language = {français},
    keywords = {art-crh, crh-1982}
    }

@article{Reberioux2571-1982,
    author = {Reberioux, Madeleine},
    title = {Cinéma et histoire, histoire et cinéma},
    journal = {Le Mouvement social},
    year = 1982,
    language = {français},
    keywords = {art-crh, crh-1982}
    }

@article{Reberioux2572-1982,
    author = {Reberioux, Madeleine},
    title = {Jaurès et Blum},
    journal = {Cahiers Léon Blum},
    year = 1982,
    language = {français},
    keywords = {art-crh, crh-1982}
    }

@article{Revel2599-1982,
    author = {Revel, Jacques},
    title = {La civilisation de l'imprimé},
    journal = {Le Débat},
    year = 1982,
    language = {français},
    keywords = {art-crh, crh-1982}
    }

@article{Richet2609-1982,
    author = {Richet, Denis},
    title = {Pourquoi Malthus ?},
    journal = {Histoire, Economies, Société},
    year = 1982,
    language = {français},
    keywords = {art-crh, crh-1982}
    }

@article{Richet2612-1982,
    author = {Richet, Denis},
    title = {Le cinéma au service de l'Histoire},
    journal = {Revue d'Histoire du Cinéma},
    year = 1982,
    language = {français},
    keywords = {art-crh, crh-1982}
    }

@article{Schmitt2620-1982,
    author = {Schmitt, Jean-Claude},
    title = {Les revenants dans la société féodale},
    journal = {Le Temps de la réflexion},
    year = 1982,
    language = {français},
    keywords = {art-crh, crh-1982}
    }

@article{Schnapper2645-1982,
    author = {Schnapper, Dominique},
    title = {Hitler n'était pas français},
    journal = {Les nouveaux Cahiers},
    year = 1982,
    language = {français},
    keywords = {art-crh, crh-1982}
    }

@article{Schnapper2646-1982,
    author = {Schnapper, Dominique},
    title = {Juifs sans histoires, la communauté du Vénézuela},
    journal = {Les Nouveaux Cahiers},
    year = 1982,
    language = {français},
    keywords = {art-crh, crh-1982}
    }

@article{Schnapper2650-1982,
    author = {Schnapper, Dominique},
    title = {Chômage et politique : une relation mal connue},
    journal = {Revue Française de Science Politique},
    year = 1982,
    language = {français},
    keywords = {art-crh, crh-1982}
    }

@article{Sigaut2655-1982,
    author = {Sigaut, François},
    title = {Les fonds documentaires anciens relatifs à l'agriculture},
    journal = {Etudes Rurales},
    year = 1982,
    language = {français},
    keywords = {art-crh, crh-1982}
    }

@article{Sigaut2656-1982,
    author = {Sigaut, François},
    title = {Gli alberi da foraggio in Europa : significato tecnico ed economico},
    journal = {Quaderni Storici},
    year = 1982,
    language = {italien},
    keywords = {art-crh, crh-1982}
    }

@article{Sigaut2657-1982,
    author = {Sigaut, François},
    title = {Les débuts du cheval de labour en Europe},
    journal = {Ethnozootechnie},
    year = 1982,
    language = {français},
    keywords = {art-crh, crh-1982}
    }

@article{Sigaut2658-1982,
    author = {Sigaut, François and J.-L. Multon (INRA)},
    title = {Historique et prospective des technologies de stockage et de conservation des grains et graines},
    journal = {Industries alimentaires et agricoles},
    year = 1982,
    language = {français},
    keywords = {art-crh, crh-1982}
    }

@article{Sigaut2659-1982,
    author = {Sigaut, François},
    title = {Techniques et société chez les cultivateurs de tubercules : quelques réflexions critiques},
    journal = {JATBA},
    year = 1982,
    language = {français},
    keywords = {art-crh, crh-1982}
    }

@article{Tenenti2670-1982,
    author = {Tenenti, Alberto},
    title = {La percezione della città nell'epoca moderna (XVI-XVIII secolo)},
    journal = {Intersezioni. Rivista di storia delle idee},
    year = 1982,
    language = {italien},
    keywords = {art-crh, crh-1982}
    }

@book{Bonnain1792-1982,
    author = {Bonnain, Rolande},
    title = {Les Baronnies des Pyrénées: maison, mode de vie et société},
    publisher = {EHESS},
    series = {},
    location = {Paris},
    year = 1982,
    pagetotal = {220},
    language = {français},
    keywords = {book-crh, crh-1982}
    }

@book{Chartier1811-1982,
    author = {Chartier, Roger},
    title = {Figures de la gueuserie},
    publisher = {Montalba},
    series = {},
    location = {Paris},
    year = 1982,
    pagetotal = {},
    language = {français},
    keywords = {book-crh, crh-1982}
    }

@book{Chaussinand1817-1982,
    author = {Chaussinand-Nogaret, Guy},
    title = {Mirabeau},
    publisher = {Seuil},
    series = {},
    location = {Paris},
    year = 1982,
    pagetotal = {300},
    language = {français},
    keywords = {book-crh, crh-1982}
    }

@book{Courbin1833-1982,
    author = {Courbin, Paul},
    title = {Qu'est-ce que l'archéologie?},
    publisher = {Payot},
    series = {},
    location = {Paris},
    year = 1982,
    pagetotal = {240},
    language = {français},
    keywords = {book-crh, crh-1982}
    }

@book{Farge1850-1982,
    author = {Farge, Arlette},
    title = {Le miroir des femmes},
    publisher = {Montalba},
    series = {},
    location = {Paris},
    year = 1982,
    pagetotal = {395},
    language = {français},
    keywords = {book-crh, crh-1982}
    }

@book{Fridenson1861-1982,
    author = {Fridenson, Patrick and J.P.Bardou and J.J.Chanaron and J.Laux},
    title = {The automobile revolution. The impact of an industry},
    publisher = {University Press},
    series = {},
    location = {North Carolina},
    year = 1982,
    pagetotal = {335},
    language = {anglais},
    keywords = {book-crh, crh-1982}
    }

@book{LeGoff1935-1982,
    author = {Le Goff, Jacques},
    title = {Intervista sulla storia},
    publisher = {Laterza},
    series = {},
    location = {Bari},
    year = 1982,
    pagetotal = {},
    language = {italien},
    keywords = {book-crh, crh-1982}
    }

@book{Parent1962-1982,
    author = {Parent-Lardeur, Françoise},
    title = {Les cabinets de lecture. La lecture publique à Paris sous la Restauration},
    publisher = {Payot},
    series = {},
    location = {Paris},
    year = 1982,
    pagetotal = {201},
    language = {français},
    keywords = {book-crh, crh-1982}
    }

@book{Pomian1998-1982,
    author = {Pomian, Krzysztof},
    title = {Pologne: défi à l'impossible? De la révolte de Poznan à Solidarité},
    publisher = {éd. ouvrières},
    series = {},
    location = {Paris},
    year = 1982,
    pagetotal = {239},
    language = {français},
    keywords = {book-crh, crh-1982}
    }

@book{Reberioux2008-1982,
    author = {Reberioux, Madeleine},
    title = {Histoire du mouvement ouvrier},
    publisher = {Taca Book},
    series = {},
    location = {Milan},
    year = 1982,
    pagetotal = {},
    language = {français},
    keywords = {book-crh, crh-1982}
    }

@book{Reberioux2010-1982,
    author = {Reberioux, Madeleine},
    title = {Les femmes dans une société d'inégalité},
    publisher = {documentation fr.},
    series = {},
    location = {Paris},
    year = 1982,
    pagetotal = {},
    language = {français},
    keywords = {book-crh, crh-1982}
    }

@book{Burguiere2148-1982,
    author = {Burguiere, André and J. Lacouture and F Lagrange},
    title = {Regards sur la France},
    publisher = {la Documentation française},
    series = {},
    location = {Paris},
    year = 1982,
    pagetotal = {},
    language = {français},
    keywords = {book-crh, crh-1982}
    }

@book{Farge2248-1982,
    author = {Farge, Arlette},
    title = {Le Désordre des Familles, Lettres de cachet des Archives de la Bastille},
    publisher = {Gallimard},
    series = {Archives},
    location = {Paris},
    year = 1982,
    pagetotal = {},
    language = {français},
    keywords = {book-crh, crh-1982}
    }

@book{Ferro2266-1982,
    author = {Ferro, Marc},
    title = {Suez 1956. Naissance d'un Tiers Monde},
    publisher = {Editions Complexe},
    series = {},
    location = {Bruxelles},
    year = 1982,
    pagetotal = {},
    language = {français},
    keywords = {book-crh, crh-1982}
    }

@book{Furet2304-1982,
    author = {Furet, François},
    title = {L'Atelier de l'Histoire},
    publisher = {},
    series = {},
    location = {Paris},
    year = 1982,
    pagetotal = {},
    language = {français},
    keywords = {book-crh, crh-1982}
    }

@book{Goy2325-1982,
    author = {Goy, Joseph and E. LE ROY LADURIE},
    title = {Tithe and agrarian history, XIVth-XIXth centuries},
    publisher = {Cambridge University Press - Maison des Sciences de l'homme},
    series = {},
    location = {Cambridge/Paris},
    year = 1982,
    pagetotal = {},
    language = {anglais},
    keywords = {book-crh, crh-1982}
    }

@book{LeGoff2427-1982,
    author = {Le Goff, Jacques},
    title = {L'Apogée de la Chrétienté au XIIIe siècle},
    publisher = {Ed. Bordas},
    series = {},
    location = {Paris},
    year = 1982,
    pagetotal = {},
    language = {français},
    keywords = {book-crh, crh-1982}
    }

@book{Schmitt2623-1982,
    author = {Schmitt, Jean-Claude},
    title = {Il santo levrero. Guinefort, guaritore di bambini},
    publisher = {Einaudi},
    series = {},
    location = {Turin},
    year = 1982,
    pagetotal = {},
    language = {italien},
    keywords = {book-crh, crh-1982}
    }

@book{Schmitt2624-1982,
    author = {Schmitt, Jean-Claude},
    title = {Der heilige Windhund. Die Geschichte eines unheiligen Kults},
    publisher = {Klett-Cotta},
    series = {},
    location = {Stuttgart},
    year = 1982,
    pagetotal = {},
    language = {allemand},
    keywords = {book-crh, crh-1982}
    }

@inproceedings{Julia234-1982,
    author = {Julia, Dominique},
    editor = {},
    title = {Les bénédictins et l'enseignement au XVIIe et XVIIIe siècles},
    booktitle = {Colloque à L'abbaye bénédictine Sainte-},
    publisher = {},
    location = {},
    year = 1982,
    pagetotal = {},
    language = {français},
    keywords = {inproceedings-crh, crh-1982}
    }

@inproceedings{LeGoff273-1982,
    author = {Le Goff, Jacques},
    editor = {},
    title = {Philippe-Auguste dans les Exempla},
    booktitle = {Le temps des mutations, actes du colloque international du CNRS. La France de Philippe-Auguste},
    publisher = {},
    location = {Paris},
    year = 1982,
    pagetotal = {11},
    language = {français},
    keywords = {inproceedings-crh, crh-1982}
    }

@inproceedings{Goubert328-1982,
    author = {Goubert, Jean-Pierre},
    editor = {},
    title = {La genèse des politiques de santé en France (XVIIe-XXe siècles)},
    booktitle = {Colloque de L'I.N.S.E.R.M., Conceptions, Mesures et Actions en Santé Publique},
    publisher = {},
    location = {Paris},
    year = 1982,
    pagetotal = {4},
    language = {français},
    keywords = {inproceedings-crh, crh-1982}
    }

@inproceedings{Gruzinski374-1982,
    author = {Gruzinski, Serge},
    editor = {},
    title = {La conquista de los Cuerpos},
    booktitle = {Familia y sexualidad en Nueva Espana},
    publisher = {},
    location = {Mexico},
    year = 1982,
    pagetotal = {30},
    language = {espagnol},
    keywords = {inproceedings-crh, crh-1982}
    }

@inproceedings{Piponnier415-1982,
    author = {Piponnier, Françoise and J.-M. Poisson},
    editor = {},
    title = {La tour d'Essertines},
    booktitle = {Actes du IXe colloque de Château-Gaillard, Durham, 1980},
    publisher = {},
    location = {Caen},
    year = 1982,
    pagetotal = {16},
    language = {français},
    keywords = {inproceedings-crh, crh-1982}
    }

@inproceedings{Piponnier416-1982,
    author = {Piponnier, Françoise},
    editor = {},
    title = {Le costume nobiliaire en France au bas Moyen Age},
    booktitle = {Adelige Sachkultur des Mittelalters, Actes du colloque de Krems, Autriche, 1980},
    publisher = {},
    location = {Vienne},
    year = 1982,
    pagetotal = {21},
    language = {français},
    keywords = {inproceedings-crh, crh-1982}
    }

@inproceedings{Pomian419-1982,
    author = {Pomian, Krzysztof},
    editor = {},
    title = {Collection-microcosme et la culture de la curiosité},
    booktitle = {Actes du Colloque Scienze, credenze occulte, livelli di cultura, Florence 1980},
    publisher = {Olschki},
    location = {Florence},
    year = 1982,
    pagetotal = {23},
    language = {français},
    keywords = {inproceedings-crh, crh-1982}
    }

@inproceedings{Parent544-1982,
    author = {Parent-Lardeur, Françoise},
    editor = {},
    title = {Problèmes du livre et cabinets de lecture à Paris sous la Restauration (1815-1830)},
    booktitle = {Actes du Colloque Les Problèmes du livre dans les sociétés pre-industrielles},
    publisher = {Fondation nationale de la recherche scientifique},
    location = {Athènes},
    year = 1982,
    pagetotal = {7},
    language = {français},
    keywords = {inproceedings-crh, crh-1982}
    }

@inproceedings{Benoit592-1982,
    author = {Benoit, Serge},
    editor = {},
    title = {Note historique sur l'activité minière et métallurgique à Minot (Côte d'Or)},
    booktitle = {Mines et Fonderies Antiques de la Gaule, table ronde du CNRS, 21-22 novembre 1980},
    publisher = {},
    location = {Toulouse},
    year = 1982,
    pagetotal = {5},
    language = {français},
    keywords = {inproceedings-crh, crh-1982}
    }

@inproceedings{Braunstein700-1982,
    author = {Braunstein, Philippe},
    editor = {},
    title = {Confins italiens de l'Empire : nations, frontières et sensibilité européenne dans la seconde moitié du XVe siècle},
    booktitle = {La conscience européenne aux XVe et XVIe siècles, Actes du colloque de l'ENS de Sèvres},
    publisher = {},
    location = {Paris},
    year = 1982,
    pagetotal = {14},
    language = {français},
    keywords = {inproceedings-crh, crh-1982}
    }

@inproceedings{Fauve870-1982,
    author = {Fauve, Antoinette},
    editor = {J.Le Goff and J.C.Schmitt},
    title = {Rapport de séance},
    booktitle = {Le charivari. Colloque EHESS},
    publisher = {EHESS},
    location = {Paris},
    year = 1982,
    pagetotal = {3},
    language = {français},
    keywords = {inproceedings-crh, crh-1982}
    }

@inproceedings{Fauve1852-1982,
    author = {Fauve, Antoinette},
    editor = {},
    title = {Les problèmes culturels de la mortalité différentielle des enfants dans le passé},
    booktitle = {Congrès de démographie, UIESP, Liège},
    publisher = {U.I.E.S.P.},
    location = {Liège},
    year = 1982,
    pagetotal = {21},
    language = {français},
    keywords = {inproceedings-crh, crh-1982}
    }

@inproceedings{Bourdelais2129-1982,
    author = {Bourdelais, Patrice and M. Demonet},
    editor = {},
    title = {Les courbes d'évolution du vieillissement de la population française (1851-1911)},
    booktitle = {Actes du Huitième Congrès International d'Histoire économique},
    publisher = {},
    location = {},
    year = 1982,
    pagetotal = {8},
    language = {français},
    keywords = {inproceedings-crh, crh-1982}
    }

@inproceedings{Flandrin2283-1982,
    author = {Flandrin, Jean-Louis},
    editor = {},
    title = {Internationalisme, nationalisme et régionalisme dans la cuisine des XIVe et XVe siècles : le témoignage des livres de cuisine},
    booktitle = {Actes du Colloque Manger et boire au Moyen Age},
    publisher = {},
    location = {},
    year = 1982,
    pagetotal = {17},
    language = {français},
    keywords = {inproceedings-crh, crh-1982}
    }

@inproceedings{Julia2386-1982,
    author = {Julia, Dominique},
    editor = {},
    title = {La constitution du réseau des collèges en France du XVIe au XVIIIe siècle},
    booktitle = {Actes du colloque franco-hongrois de Tihany, 10-14 octobre 1977, Objets et méthodes de l'histoire de la culture},
    publisher = {Maison d'édition de l'Académie des sciences de Hongrie},
    location = {Budapest},
    year = 1982,
    pagetotal = {21},
    language = {français},
    keywords = {inproceedings-crh, crh-1982}
    }

@inproceedings{LeGoff2429-1982,
    author = {Le Goff, Jacques and J.-Cl. SCHMITT and Cl. BREMOND},
    editor = {},
    title = {Objets et Méthodes de l'Histoire de la Culture.},
    booktitle = {Actes du colloque franco-hongrois de Tihany},
    publisher = {CNRS},
    location = {Paris},
    year = 1982,
    pagetotal = {},
    language = {français},
    keywords = {inproceedings-crh, crh-1982}
    }

@inreference{Pomian398-1982,
    author = {Pomian, Krzysztof},
    editor = {},
    title = {Memoria},
    booktitle = {Enciclopedia Einaudi},
    publisher = {Einaudi},
    series = {},
    location = {Turin},
    year = 1982,
    pagetotal = {9},
    language = {italien},
    keywords = {dict-crh, crh-1982}
    }

@inreference{Schmitt2621-1982,
    author = {Schmitt, Jean-Claude},
    editor = {},
    title = {Generazioni},
    booktitle = {Enciclopedia Einaudi},
    publisher = {Einaudi},
    series = {},
    location = {Turin},
    year = 1982,
    pagetotal = {10},
    language = {italien},
    keywords = {dict-crh, crh-1982}
    }

@proceedings{Aymard1768-1982,
    editor = {Aymard, Maurice},
    editortype = {dir.},
    title = {Dutch capitalism and world capitalism},
    booktitle = {Dutch capitalism and world capitalism},
    publisher = {University press-MSH},
    location = {Cambridge-Paris},
    year = 1982,
    pagetotal = {},
    language = {anglais},
    keywords = {proceedings-crh, crh-1982}
    }

@proceedings{Chartier1813-1982,
    editor = {Chartier, Roger and D.Richet},
    editortype = {dir.},
    title = {Représentation et vouloir politiques. Autour des Etats Généraux de 1614},
    booktitle = {Représentation et vouloir politiques. Autour des Etats Généraux de 1614},
    publisher = {EHESS},
    location = {Paris},
    year = 1982,
    pagetotal = {195},
    language = {français},
    keywords = {proceedings-crh, crh-1982}
    }

@proceedings{Goy1881-1982,
    editor = {Goy, Joseph and C.Bobinska},
    editortype = {dir.},
    title = {Les Pyrénées et les Carpates 16e-20e siècles. Recherches franco-polonaises comparées. Histoire et anthropologie des régions montagneuses et submontagneuses},
    booktitle = {Les Pyrénées et les Carpates 16e-20e siècles. Recherches franco-polonaises comparées. Histoire et anthropologie des régions montagneuses et submontagneuses},
    publisher = {},
    location = {Cracovie},
    year = 1982,
    pagetotal = {164},
    language = {français},
    keywords = {proceedings-crh, crh-1982}
    }

@proceedings{Goy1884-1982,
    editor = {Goy, Joseph and E.Le Roy Ladurie},
    editortype = {dir.},
    title = {Tithe and Agrarian History from the Fourteenth to the Nineteenth Century. An essay in Comparative History},
    booktitle = {Tithe and Agrarian History from the Fourteenth to the Nineteenth Century. An essay in Comparative History},
    publisher = {University Press-MSH},
    location = {Cambridge-Paris},
    year = 1982,
    pagetotal = {208},
    language = {anglais},
    keywords = {proceedings-crh, crh-1982}
    }

@proceedings{LeRoyLadurie1949-1982,
    editor = {Le Roy Ladurie, Emmanuel and J.Goy},
    editortype = {dir.},
    title = {Tithe and agrarian history from teh fourteenth to the nineteenth century. An essay in comparative history},
    booktitle = {Tithe and agrarian history from teh fourteenth to the nineteenth century. An essay in comparative history},
    publisher = {MSH-Cambridge Univ.P},
    location = {Paris-Cambridge},
    year = 1982,
    pagetotal = {},
    language = {anglais},
    keywords = {proceedings-crh, crh-1982}
    }

@proceedings{Richet2057-1982,
    editor = {Richet, Denis and R.Chartier},
    editortype = {dir.},
    title = {Représentation et vouloir politiques autour des Etats Généraux de 1614},
    booktitle = {Représentation et vouloir politiques autour des Etats Généraux de 1614},
    publisher = {EHESS},
    location = {Paris},
    year = 1982,
    pagetotal = {195},
    language = {français},
    keywords = {proceedings-crh, crh-1982}
    }

@proceedings{Chartier2165-1982,
    editor = {Chartier, Roger and H.-J. MARTIN},
    editortype = {dir.},
    title = {Histoire de l'Edition Française},
    booktitle = {Histoire de l'Edition Française},
    publisher = {Promodis},
    location = {Paris},
    year = 1982,
    pagetotal = {},
    language = {français},
    keywords = {proceedings-crh, crh-1982}
    }

@proceedings{Goubert2314-1982,
    editor = {Goubert, Jean-Pierre and A. BIDEAU and A.-E. IMHOF and M. GARDEN},
    editortype = {dir.},
    title = {Le Vieillissement},
    booktitle = {Le Vieillissement},
    publisher = {Presses Universitaires de Lyon},
    location = {Lyon},
    year = 1982,
    pagetotal = {},
    language = {français},
    keywords = {proceedings-crh, crh-1982}
    }

@proceedings{Goubert2315-1982,
    editor = {Goubert, Jean-Pierre},
    editortype = {dir.},
    title = {La médicalisation de la société française, 1770-1730},
    booktitle = {La médicalisation de la société française, 1770-1730},
    publisher = {Ontario},
    location = {Waterloo},
    year = 1982,
    pagetotal = {},
    language = {français},
    keywords = {proceedings-crh, crh-1982}
    }

@proceedings{Goy2326-1982,
    editor = {Goy, Joseph and I. CHIVA},
    editortype = {dir.},
    title = {Les Baronnies des Pyrénées. Anthropologie et histoire des permanences et des changements},
    booktitle = {Les Baronnies des Pyrénées. Anthropologie et histoire des permanences et des changements},
    publisher = {EHESS},
    location = {Paris},
    year = 1982,
    pagetotal = {},
    language = {français},
    keywords = {proceedings-crh, crh-1982}
    }

@proceedings{LeGoff2428-1982,
    editor = {Le Goff, Jacques and J.-Cl. SCHMITT and Cl. BREMOND},
    editortype = {dir.},
    title = {L'Exemplum},
    booktitle = {L'Exemplum},
    publisher = {Ed. Brépols},
    location = {Turnhout},
    year = 1982,
    pagetotal = {},
    language = {français},
    keywords = {proceedings-crh, crh-1982}
    }

@proceedings{Schmitt2622-1982,
    editor = {Schmitt, Jean-Claude and J. LE GOFF and Cl. BREMOND},
    editortype = {dir.},
    title = {L'exemplum},
    booktitle = {L'exemplum},
    publisher = {Brepols},
    location = {Turnhout},
    year = 1982,
    pagetotal = {},
    language = {français},
    keywords = {proceedings-crh, crh-1982}
    }

@incollection{LeGoff270-1982,
    author = {Le Goff, Jacques},
    editor = {},
    title = {Quelques remarques sur les codes vestimentaires et alimentaires dans Erec et Enide},
    booktitle = {La chanson de geste et le mythe carolingien, Mélanges René Louis},
    publisher = {},
    location = {},
    year = 1982,
    pagetotal = {16},
    language = {français},
    keywords = {melanges-crh, crh-1982}
    }

@incollection{LeGoff271-1982,
    author = {Le Goff, Jacques},
    editor = {},
    title = {Une collecte ethnographique en Dauphiné au début du XIIIe siècle},
    booktitle = {Croyances, récits et pratiques de tradition, Mélanges Charles Joisten},
    publisher = {},
    location = {},
    year = 1982,
    pagetotal = {12},
    language = {français},
    keywords = {melanges-crh, crh-1982}
    }

@incollection{Guillou385-1982,
    author = {Guillou, André},
    editor = {},
    title = {Dédicace inédite d'une église bysantine de Trani},
    booktitle = {Bisanzio e l'Italia. Raccolta di studi in memoria di A. Pertusi},
    publisher = {},
    location = {Milan},
    year = 1982,
    pagetotal = {2},
    language = {français},
    keywords = {melanges-crh, crh-1982}
    }

@incollection{Guillou386-1982,
    author = {Guillou, André},
    editor = {},
    title = {Inscription métrique byzantine du trésor de Saint-Nicolas de Bari (Italie)},
    booktitle = {Rayonnement grec. Hommage à Ch. Delvoye},
    publisher = {},
    location = {Bruxelles},
    year = 1982,
    pagetotal = {4},
    language = {français},
    keywords = {melanges-crh, crh-1982}
    }

@incollection{Piponnier417-1982,
    author = {Piponnier, Françoise},
    editor = {},
    title = {Vivre noblement, en Bourgogne au XIVe siècle},
    booktitle = {Mélanges d'archéologie et d'histoire médiévales en l'honneur du Doyen Michel de Boüard},
    publisher = {},
    location = {Genève-Paris},
    year = 1982,
    pagetotal = {9},
    language = {français},
    keywords = {melanges-crh, crh-1982}
    }

@incollection{Berlioz562-1982,
    author = {Berlioz, Jacques},
    editor = {},
    title = {Masques et croquemitaines. A propos de l'expression 'Faire barbe' au Moyen Age},
    booktitle = {Croyances, récits et pratiques de tradition. Mélanges Charles Joisten, 1936-1981, Le Monde alpin et rhodanien},
    publisher = {},
    location = {},
    year = 1982,
    pagetotal = {14},
    language = {français},
    keywords = {melanges-crh, crh-1982}
    }

@incollection{Courbin1830-1982,
    author = {Courbin, Paul},
    editor = {},
    title = {Un chapiteau archaïque inédit à Délos},
    booktitle = {Mélanges},
    publisher = {},
    location = {Bruxelles},
    year = 1982,
    pagetotal = {10},
    language = {français},
    keywords = {melanges-crh, crh-1982}
    }

@incollection{LeGoff2426-1982,
    author = {Le Goff, Jacques},
    editor = {},
    title = {Les gestes de Saint Louis : approche d'un modèle et d'une personnalité},
    booktitle = {Clio et son regard, Mélanges Stiennon},
    publisher = {},
    location = {},
    year = 1982,
    pagetotal = {15},
    language = {français},
    keywords = {melanges-crh, crh-1982}
    }

@incollection{Julia235-1982,
    author = {Julia, Dominique},
    editor = {?},
    title = {Les petites écoles rurales dans le diocèse de Reims dans la seconde moitié du XVIIe siècle},
    booktitle = {L'enseignement élémentaire en Champagne, Contribution au Centenaire des lois scolaires de la IIIe République},
    publisher = {},
    location = {Reims},
    year = 1982,
    pagetotal = {26},
    language = {français},
    keywords = {collectif-crh, crh-1982}
    }

@incollection{Julliard245-1982,
    author = {Julliard, Jacques},
    editor = {A. Touraine},
    title = {Intégration politique et non intégration sociale de la classe ouvrière française},
    booktitle = {Mouvements sociaux d'aujourd'hui, acteurs et analystes,},
    publisher = {Editions ouvrières},
    location = {Paris},
    year = 1982,
    pagetotal = {5},
    language = {français},
    keywords = {collectif-crh, crh-1982}
    }

@incollection{Jeannin265-1982,
    author = {Jeannin, Pierre},
    editor = {M. Aymard},
    title = {Les interdépendances économiques dans le champ d'action européen des Hollandais (XVIe-XIXe siècles)},
    booktitle = {Capitalisme mondial},
    publisher = {},
    location = {Paris-Cambridge},
    year = 1982,
    pagetotal = {23},
    language = {français},
    keywords = {collectif-crh, crh-1982}
    }

@incollection{Sigaut274-1982,
    author = {Sigaut, François},
    editor = {C. Bromberger},
    title = {Pour un Atlas des agricultures pré-industrielles en France au début du XIXe siècle},
    booktitle = {Technologies Idéologies Pratiques},
    publisher = {},
    location = {},
    year = 1982,
    pagetotal = {10},
    language = {français},
    keywords = {collectif-crh, crh-1982}
    }

@incollection{Klapisch294-1982,
    author = {Klapisch-Zuber, Christiane},
    editor = {Ph. Aries and J.-Cl Margolin},
    title = {Les saintes poupées. Jeu et dévotion dans la Florence du XVe siècle},
    booktitle = {Les jeux à la Renaissance},
    publisher = {Vrin},
    location = {Paris},
    year = 1982,
    pagetotal = {14},
    language = {français},
    keywords = {collectif-crh, crh-1982}
    }

@incollection{Goubert316-1982,
    author = {Goubert, Jean-Pierre},
    editor = {K. Malettke},
    title = {Die historisch-demographische Entwicklung Frankreichs am Ende des Ancien Regime},
    booktitle = {Soziale und politische Konflikte im Frankreich des Ancien Regime},
    publisher = {},
    location = {Berlin},
    year = 1982,
    pagetotal = {21},
    language = {allemand},
    keywords = {collectif-crh, crh-1982}
    }

@incollection{Goy327-1982,
    author = {Goy, Joseph},
    editor = {?},
    title = {Del antiguo a un nuevo modelo demografico},
    booktitle = {Historia universal Salvat},
    publisher = {Salvat},
    location = {Barcelone},
    year = 1982,
    pagetotal = {8},
    language = {espagnol},
    keywords = {collectif-crh, crh-1982}
    }

@incollection{Hocquet365-1982,
    author = {Hocquet, Jean-Claude},
    editor = {?},
    title = {Rapporti commerciali tra porti adriatici e mercati occidentali : la fornitura del sale ad Ancona nei secoli XVe-XVIe},
    booktitle = {Commercio, mercanti e moneta nelle Marche in età moderna},
    publisher = {},
    location = {Ancone},
    year = 1982,
    pagetotal = {},
    language = {italien},
    keywords = {collectif-crh, crh-1982}
    }

@incollection{Guillou387-1982,
    author = {Guillou, André},
    editor = {?},
    title = {Régionalisme et administration dans l'empire byzantin du VIe-VIIIe siècles},
    booktitle = {La géographie administrative et politique d'Alexandre à Mahomet},
    publisher = {},
    location = {Strasbourg},
    year = 1982,
    pagetotal = {13},
    language = {français},
    keywords = {collectif-crh, crh-1982}
    }

@incollection{Valensi388-1982,
    author = {Valensi, Lucette and A. L. Udovitch},
    editor = {M. Abitol},
    title = {Etre juif à Djerba},
    booktitle = {Communautés juives des marges du Maghreb},
    publisher = {},
    location = {Jérusalem},
    year = 1982,
    pagetotal = {27},
    language = {français},
    keywords = {collectif-crh, crh-1982}
    }

@incollection{Richet394-1982,
    author = {Richet, Denis},
    editor = {?},
    title = {La place de Fernand Braudel dans l'historiographie d'aujourd'hui},
    booktitle = {l'Histoire et ses méthodes},
    publisher = {Presse universitaires de Lille},
    location = {Lille},
    year = 1982,
    pagetotal = {},
    language = {français},
    keywords = {collectif-crh, crh-1982}
    }

@incollection{Reberioux452-1982,
    author = {Reberioux, Madeleine},
    editor = {M. Imbert and P.-H. Chombart De Lauwe},
    title = {Le mouvement ouvrier et la banlieue française dans l'entre-deux-guerres},
    booktitle = {La banlieue aujourd'hui},
    publisher = {L'Harmattan},
    location = {Paris},
    year = 1982,
    pagetotal = {11},
    language = {français},
    keywords = {collectif-crh, crh-1982}
    }

@incollection{Reberioux464-1982,
    author = {Reberioux, Madeleine},
    editor = {M. Giudetti},
    title = {Gli operai europei e i primi sviluppi del movimento operaio},
    booktitle = {Storia d'Italia e d'Europa},
    publisher = {},
    location = {},
    year = 1982,
    pagetotal = {31},
    language = {italien},
    keywords = {collectif-crh, crh-1982}
    }

@incollection{Mouradian485-1982,
    author = {Mouradian, Claire and M. Ferro},
    editor = {G. Dedeydan},
    title = {L'Arménie soviétique, 1920-1980},
    booktitle = {Histoire des Arméniens},
    publisher = {Privat},
    location = {Toulouse},
    year = 1982,
    pagetotal = {42},
    language = {français},
    keywords = {collectif-crh, crh-1982}
    }

@incollection{Sigaut504-1982,
    author = {Sigaut, François},
    editor = {J.-L. Multon},
    title = {Evolution historique des techniques et des politiques de stockage},
    booktitle = {Conservation et stockage des grains et graines et produits dérivés},
    publisher = {Lavoisier-APRIA},
    location = {Paris},
    year = 1982,
    pagetotal = {21},
    language = {français},
    keywords = {collectif-crh, crh-1982}
    }

@incollection{Sigaut506-1982,
    author = {Sigaut, François},
    editor = {G. Camps and M. Gast},
    title = {Du véhicule militaire au véhicule civil : quelques problèmes techniques et économiques non encore résolus},
    booktitle = {Les chars préhistoriques du Sahara. Archéologie et techniques d'attelage},
    publisher = {Maison de la Méditerranée et Université de Provence},
    location = {Aix-en-Provence},
    year = 1982,
    pagetotal = {},
    language = {français},
    keywords = {collectif-crh, crh-1982}
    }

@incollection{Burguiere617-1982,
    author = {Burguiere, André},
    editor = {?},
    title = {Naissance d'une ethnographie de la France au XVIIIe siècles},
    booktitle = {Objet et Méthodes de l'Histoire de la Culture},
    publisher = {CNRS-Akademiai Kiado},
    location = {Paris-Budapest},
    year = 1982,
    pagetotal = {},
    language = {français},
    keywords = {collectif-crh, crh-1982}
    }

@incollection{Bourdelais632-1982,
    author = {Bourdelais, Patrice},
    editor = {A.E. Imhof},
    title = {Aspects géographiques du vieillissement de la population féminine en France (1851-1911)},
    booktitle = {Le Vieillissement},
    publisher = {},
    location = {Lyon},
    year = 1982,
    pagetotal = {15},
    language = {français},
    keywords = {collectif-crh, crh-1982}
    }

@incollection{Revel665-1982,
    author = {Revel, Jacques},
    editor = {?},
    title = {La decadencia del Mediteraneo en el siglo XVII},
    booktitle = {Historia univeral},
    publisher = {Salvat},
    location = {Barcelone},
    year = 1982,
    pagetotal = {13},
    language = {espagnol},
    keywords = {collectif-crh, crh-1982}
    }

@incollection{Wachtel784-1982,
    author = {Wachtel, Nathan},
    editor = {G.A.Collier and R.I.Rosaldo and J. D. Wirth},
    title = {The mitimas of the Cochabamba Valley : the colonisation policy of Huayna Capa},
    booktitle = {The Inca and Aztec States, 1400-1800, Anthropology and History},
    publisher = {},
    location = {New York},
    year = 1982,
    pagetotal = {37},
    language = {anglais},
    keywords = {collectif-crh, crh-1982}
    }

@incollection{Chartier785-1982,
    author = {Chartier, Roger},
    editor = {D. Lacapra and S. Kaplan},
    title = {Intellectual or Sociocultural History ? The French Trajectories},
    booktitle = {Modern European Intellectual History. Reappraisals and New Perspectives},
    publisher = {Cornell University Press},
    location = {New York},
    year = 1982,
    pagetotal = {34},
    language = {anglais},
    keywords = {collectif-crh, crh-1982}
    }

@incollection{Chartier812-1982,
    author = {Chartier, Roger},
    editor = {R. Chartier and H.-J. Martin},
    title = {Pamphlets et gazettes},
    booktitle = {Histoire de l'Edition Française},
    publisher = {Promodis},
    location = {Paris},
    year = 1982,
    pagetotal = {21},
    language = {français},
    keywords = {collectif-crh, crh-1982}
    }

@incollection{Flandrin819-1982,
    author = {Flandrin, Jean-Louis},
    editor = {?},
    title = {La gola},
    booktitle = {Cucina, Cultura, Società},
    publisher = {},
    location = {},
    year = 1982,
    pagetotal = {14},
    language = {italien},
    keywords = {collectif-crh, crh-1982}
    }

@incollection{Courbin827-1982,
    author = {Courbin, Paul},
    editor = {M.Yon},
    title = {Une assiette cycladique à Ras el Bassit},
    booktitle = {l'Archéologie au Levant},
    publisher = {},
    location = {Lyon},
    year = 1982,
    pagetotal = {12},
    language = {français},
    keywords = {collectif-crh, crh-1982}
    }

@incollection{Aymard1863-1982,
    author = {Aymard, Maurice},
    editor = {H.Baudet and Henk Van Der Meulen},
    title = {Dietary changes in Europe from 16th to 20th century, with particular reference to France and Italy},
    booktitle = {Consumer behaviour and economic growth in the modern economy},
    publisher = {Croom and Helm},
    location = {Londres-Canberra},
    year = 1982,
    pagetotal = {22},
    language = {anglais},
    keywords = {collectif-crh, crh-1982}
    }

@incollection{Chartier2029-1982,
    author = {Chartier, Roger},
    editor = {R.Chartier and D.Richet},
    title = {La noblesse et les Etats de 1614},
    booktitle = {Représentation et vouloir politiques. Autour des Etats Généraux de 1614},
    publisher = {EHESS},
    location = {Paris},
    year = 1982,
    pagetotal = {},
    language = {français},
    keywords = {collectif-crh, crh-1982}
    }

@incollection{Bergeron2108-1982,
    author = {Bergeron, Louis},
    editor = {?},
    title = {Essai de typologie du patronat français (début du XIXe siècle - vers 1930)},
    booktitle = {Le Patronat - Die Unternehmer},
    publisher = {},
    location = {Lausanne},
    year = 1982,
    pagetotal = {12},
    language = {français},
    keywords = {collectif-crh, crh-1982}
    }

@incollection{Chartier2166-1982,
    author = {Chartier, Roger},
    editor = {R. Chartier and H.-J. Martin},
    title = {Stratégies éditoriales et lectures populaires, 1530-1660},
    booktitle = {Histoire de l'édition française},
    publisher = {Promodis},
    location = {Paris},
    year = 1982,
    pagetotal = {19},
    language = {français},
    keywords = {collectif-crh, crh-1982}
    }

@incollection{Chartier2167-1982,
    author = {Chartier, Roger},
    editor = {R. Chartier and D. Richet},
    title = {La convocation aux Etats de 1614. Note sur les formes politiques},
    booktitle = {Représentation et vouloir politique. Autour des Etats Généraux de 1614},
    publisher = {EHESS},
    location = {Paris},
    year = 1982,
    pagetotal = {7},
    language = {français},
    keywords = {collectif-crh, crh-1982}
    }

@incollection{Chartier2168-1982,
    author = {Chartier, Roger},
    editor = {R. Chartier and D. Richet},
    title = {Doléances rurales : le bailliage de Troyes},
    booktitle = {Représentation et vouloir politique. Autour des Etats Généraux de 1614},
    publisher = {EHESS},
    location = {Paris},
    year = 1982,
    pagetotal = {23},
    language = {français},
    keywords = {collectif-crh, crh-1982}
    }

@incollection{Chartier2169-1982,
    author = {Chartier, Roger},
    editor = {R. Chartier and D. Richet},
    title = {La Noblesse et les Etats de 1614 : une réaction aristocratique ?},
    booktitle = {Représentation et vouloir politique. Autour des Etats Généraux de 1614},
    publisher = {EHESS},
    location = {Paris},
    year = 1982,
    pagetotal = {11},
    language = {français},
    keywords = {collectif-crh, crh-1982}
    }

@incollection{Chartier2171-1982,
    author = {Chartier, Roger},
    editor = {?},
    title = {Histoire de la mort et histoire culturelle},
    booktitle = {La mort aujourd'hui},
    publisher = {Rivages},
    location = {Marseille},
    year = 1982,
    pagetotal = {14},
    language = {français},
    keywords = {collectif-crh, crh-1982}
    }

@incollection{Jeannin4550-1982,
    author = {Jeannin, Pierre},
    editor = {?},
    title = {Une source d'information métrologiques: les manuels publiés pour les marchands},
    booktitle = {Les anciens systèmes de mesures: projet d'enquête métrologique},
    publisher = {CNRS},
    location = {Paris},
    year = 1982,
    pagetotal = {14},
    language = {français},
    keywords = {collectif-crh, crh-1982}
    }

@incollection{Goubert4859-1982,
    author = {Goubert, Jean-Pierre},
    editor = {?},
    title = {Histoire sociale et histoire de la médecine},
    booktitle = {L'histoire des sciences doit-elle intéresser les historiens?},
    publisher = {Société d'histoire des sciences et des techniques},
    location = {Paris},
    year = 1982,
    pagetotal = {10},
    language = {français},
    keywords = {collectif-crh, crh-1982}
    }

@incollection{Goubert4969-1982,
    author = {Goubert, Jean-Pierre},
    editor = {Lloyd G.Stevenson},
    title = {The medicalization of French society at the end of the ancien Regime},
    booktitle = {A celebration o medical history},
    publisher = {},
    location = {Baltimore et Londres},
    year = 1982,
    pagetotal = {16},
    language = {anglais},
    keywords = {collectif-crh, crh-1982}
    }

@article{Ferro2267-1982,
    author = {Ferro, Marc},
    title = {présentation, Affiches et imageries russes, 1914-1921},
    journal = {BDIC},
    year = 1982,
    language = {français},
    keywords = {intro-journal-crh, crh-1982}
    }

@article{Nahoum2474-1982,
    author = {Nahoum-Grappe, Véronique},
    title = {Introduction à une problématique de la violence},
    journal = {Pénélope},
    year = 1982,
    language = {français},
    keywords = {intro-journal-crh, crh-1982}
    }

@article{Valensi2680-1982,
    author = {Valensi, Lucette},
    title = {Présentation du numéro spécial sur l'histoire ancienne: Le document, éléments critiques},
    journal = {Annales E.S.C},
    year = 1982,
    language = {français},
    keywords = {intro-journal-crh, crh-1982}
    }

@incollection{Reberioux2007-1982,
    author = {Reberioux, Madeleine},
    editor = {},
    title = {préface},
    booktitle = {Preuves},
    publisher = {éd. du signe},
    location = {},
    year = 1982,
    pagetotal = {},
    language = {français},
    keywords = {preface-book-crh, crh-1982}
    }

@incollection{Peter2511-1982,
    author = {Peter, Jean-Pierre},
    editor = {},
    title = {Préface},
    booktitle = {Une si longue naissance},
    publisher = {},
    location = {Paris},
    year = 1982,
    pagetotal = {10},
    language = {français},
    keywords = {preface-book-crh, crh-1982}
    }

@incollection{Reberioux2573-1982,
    author = {Reberioux, Madeleine},
    editor = {},
    title = {préface},
    booktitle = {la création de l'unité socialiste en France},
    publisher = {EDI-Syros},
    location = {Paris},
    year = 1982,
    pagetotal = {12},
    language = {français},
    keywords = {preface-book-crh, crh-1982}
    }

@incollection{Reberioux2574-1982,
    author = {Reberioux, Madeleine},
    editor = {},
    title = {préface},
    booktitle = {Chanter pour survivre. Culture ouvrière, travail et techniques dans le textile},
    publisher = {Fédération Léo Lagrange},
    location = {Roubaix},
    year = 1982,
    pagetotal = {},
    language = {français},
    keywords = {preface-book-crh, crh-1982}
    }

@book{Jorland2377-1982,
    author = {Jorland, Gérard},
    title = {La revue sommaire des doctrines économiques},
    publisher = {Vrin/CNRS},
    series = {},
    location = {Paris},
    year = 1982,
    pagetotal = {},
    language = {français},
    % addendum = {édition du tome X des œuvres complètes},
    keywords = {edition-txt-crh, crh-1982}
    }

@report{Reberioux2570-1982,
    author = {Reberioux, Madeleine},
    title = {Les Femmes en France dans une société d'inégalités},
    publisher = {La documentation française},
    institution = {Ministre des Droits de la Femme},
    location = {Paris},
    year = 1982,
    pagetotal = {},
    language = {français},
    keywords = {report-crh, crh-1982}
    }

@report{Bergeron5641-1982,
    author = {Bergeron, Louis},
    title = {Les moteurs hydrauliques et leurs applications industrielles en France},
    publisher = {CILAC/EHESS},
    institution = {},
    location = {Paris},
    year = 1982,
    pagetotal = {134},
    language = {français},
    keywords = {report-crh, crh-1982}
    }

@report{Bergeron5642-1982,
    author = {Bergeron, Louis},
    title = {Inventaire expérimental des moteurs hydrauliques et de leurs applications industrielles (France, XVIIIe-XIXe siècles)},
    publisher = {CILAC/EHESS},
    institution = {},
    location = {Paris},
    year = 1982,
    pagetotal = {150},
    language = {français},
    keywords = {report-crh, crh-1982}
    }

@book{LeGoff1934-1982,
    author = {Le Goff, Jacques},
    editor = {},
    title = {La civilisation de l'occident médiéval (réédition)},
    publisher = {Flammarion},
    series = {},
    location = {Paris},
    year = 1982,
    pagetotal = {},
    language = {français},
    addendum = {réédition},
    keywords = {reedition-crh, crh-1982}
    }

@book{Schmitt2022-1982,
    author = {Schmitt, Jean-Claude},
    editor = {},
    title = {Le Saint Lévrier. Guinefort guérisseur d'enfants depuis le 13e siècle (traduction)},
    publisher = {Einaudi},
    series = {},
    location = {Milan},
    year = 1982,
    pagetotal = {},
    language = {italien},
    addendum = {réédition},
    keywords = {reedition-crh, crh-1982}
    }

@book{Hocquet2363-1982,
    author = {Hocquet, Jean-Claude},
    editor = {},
    title = {2e éd. refondue et augmentée: Le sel et la fortune de Venise, vol. I : Production et monopole},
    publisher = {},
    series = {},
    location = {Lille},
    year = 1982,
    pagetotal = {},
    language = {français},
    addendum = {réédition},
    keywords = {reedition-crh, crh-1982}
    }

@book{Bergeron1779-1982,
    author = {Bergeron, Louis and G.Chaussinand},
    editor = {},
    title = {Grands notables du premier Empire: Loir-et-Cher, Indre-et-Loire, Loire Inférieure},
    publisher = {CNRS},
    series = {},
    location = {Paris},
    year = 1982,
    pagetotal = {},
    language = {français},
    keywords = {outil-recherche-crh, crh-1982}
    }

@book{Martin1950-1982,
    author = {Martin, Marie-Elisabeth},
    editor = {},
    title = {Dictionnaire administratif et démographique des paroisses et communes de la Drôme},
    publisher = {CNRS},
    series = {},
    location = {Paris},
    year = 1982,
    pagetotal = {},
    language = {français},
    keywords = {outil-recherche-crh, crh-1982}
    }

@book{Hemardinquer2360-1982,
    author = {Hemardinquer, Jean-Jacques},
    editor = {B. Quemada},
    title = {Datations et documents lexicographiques. Matériaux pour l'histoire du vocabulaire français, Datations et Documents lexicographiques},
    publisher = {Klincksieck},
    series = {},
    location = {Paris},
    year = 1982,
    pagetotal = {},
    language = {français},
    keywords = {outil-recherche-crh, crh-1982}
    }

@thesis{Delille2059-1982,
    author = {Delille, Gérard},
    title = {Famille et propriété dans le royaume de Naples (15e-19e siècles)},
    institution = {Université Paris1},
    location = {Paris},
    year = 1982,
    pagetotal = {},
    language = {français},
    keywords = {theses-crh, crh-1982}
    }

@incollection{Burguiere1801-1982,
    author = {Burguiere, André},
    editor = {},
    title = {Un peuple dans son histoire},
    booktitle = {Regards sur la France},
    publisher = {},
    series = {},
    location = {Paris},
    year = 1982,
    pagetotal = {65},
    language = {français},
    keywords = {art-rapport-crh, crh-1982}
    }

