@article{Piponnier226-1987,
    author = {Piponnier, Françoise},
    title = {Scavi di Fiorentino 1984 e 1985},
    journal = {Fiorentino campagne di scavo 1984 e 1985, Quaderni di archeologia e storia dell'arte in Capitanata},
    year = 1987,
    language = {italien},
    keywords = {art-crh, crh-1987}
    }

@article{Schnapper347-1987,
    author = {Schnapper, Dominique and R. Leveau},
    title = {Religion et politique : juifs et musulmans maghrébins en France},
    journal = {Revue Française de Science Politique},
    year = 1987,
    language = {français},
    keywords = {art-crh, crh-1987}
    }

@article{Valensi406-1987,
    author = {Valensi, Lucette},
    title = {Memento pour les juifs d'Afrique du Nord},
    journal = {Revue de l'université de Bruxelles},
    year = 1987,
    language = {français},
    keywords = {art-crh, crh-1987}
    }

@article{Tenenti498-1987,
    author = {Tenenti, Alberto},
    title = {L'universo in un orologio},
    journal = {Marco Polo},
    year = 1987,
    language = {italien},
    keywords = {art-crh, crh-1987}
    }

@article{Tenenti500-1987,
    author = {Tenenti, Alberto},
    title = {Il significato della morte nella storia : fra Commynes e Guicciardini},
    journal = {Intersezioni},
    year = 1987,
    language = {italien},
    keywords = {art-crh, crh-1987}
    }

@article{Mane669-1987,
    author = {Mane, Perrine},
    title = {Images médiévales des tonneliers},
    journal = {Ethnologie Française},
    year = 1987,
    language = {français},
    keywords = {art-crh, crh-1987}
    }

@article{Alexandre2704-1987,
    author = {Alexandre-Bidon, Danièle},
    title = {La dent et le corail, ou la parure prophylactique de l'enfance à la fin du Moyen Age},
    journal = {RAZO},
    year = 1987,
    language = {français},
    keywords = {art-crh, crh-1987}
    }

@article{Alexandre2705-1987,
    author = {Alexandre-Bidon, Danièle},
    title = {Puériculture et sentiment de l'enfance dans l'Italie des XIVe et XVe siècles : l'exemple du Decameron},
    journal = {Chroniques Italiennes},
    year = 1987,
    language = {français},
    keywords = {art-crh, crh-1987}
    }

@article{Andreau2723-1987,
    author = {Andreau, Jean},
    title = {Les comptes bancaires en nature},
    journal = {Index},
    year = 1987,
    language = {français},
    keywords = {art-crh, crh-1987}
    }

@article{Andreau2725-1987,
    author = {Andreau, Jean},
    title = {M. Rostovtseff et le capitalisme antique vu de Russie},
    journal = {Pallas},
    year = 1987,
    language = {français},
    keywords = {art-crh, crh-1987}
    }

@article{Andreau2726-1987,
    author = {Andreau, Jean},
    title = {Henri-Paul Eydoux, 1907-1986},
    journal = {Universalia 1987},
    year = 1987,
    language = {français},
    keywords = {art-crh, crh-1987}
    }

@article{Andreau2727-1987,
    author = {Andreau, Jean},
    title = {La Révolution russe est-elle soluble dans l'Empire romain ?},
    journal = {L'Histoire},
    year = 1987,
    language = {français},
    keywords = {art-crh, crh-1987}
    }

@article{Andreau2728-1987,
    author = {Andreau, Jean},
    title = {Banche e banchieri nel sistema mercantile dell'Impero romano},
    journal = {Storia e Dossier},
    year = 1987,
    language = {italien},
    keywords = {art-crh, crh-1987}
    }

@article{Aymard2740-1987,
    author = {Aymard, Maurice},
    title = {Fernand Braudel, 'The Mediterranean and Europe'},
    journal = {Mediterranean Historical Review},
    year = 1987,
    language = {anglais},
    keywords = {art-crh, crh-1987}
    }

@article{Baulant2756-1987,
    author = {Baulant, Micheline},
    title = {Ascétique ou douillette ? L'existence des ecclésiastiques de Brie aux XVIIe et XVIIIe siècles},
    journal = {Annales de Bretagne et des pays de l'Ouest},
    year = 1987,
    language = {français},
    keywords = {art-crh, crh-1987}
    }

@article{Benoit2770-1987,
    author = {Benoit, Serge and V. Miguet},
    title = {Au fil de l'eau et du temps : les moulins et ateliers hydrauliques de l'agglomération vernolienne du XIIe au XXe siècles},
    journal = {Verneuil-sur-Avre, Bulletin Municipal},
    year = 1987,
    language = {français},
    keywords = {art-crh, crh-1987}
    }

@article{Benoit2771-1987,
    author = {Benoit, Serge},
    title = {L'approvisionnement en minerai de fer de la Grande Forge de Buffon. Premier bilan d'une recherche historique},
    journal = {Revue scientifique du Bourbonnais},
    year = 1987,
    language = {français},
    keywords = {art-crh, crh-1987}
    }

@article{Bergeron2785-1987,
    author = {Bergeron, Louis},
    title = {Per la ricerca sul patrimonio industriale : i tipi d'organizzazione del lavoro nell'Europa moderna (secc. XVIII-XX)},
    journal = {Annali della Fondazione Micheletti},
    year = 1987,
    language = {italien},
    keywords = {art-crh, crh-1987}
    }

@article{Berlioz2791-1987,
    author = {Berlioz, Jacques},
    title = {1219 : la catastrophe du Lac d'Oisans},
    journal = {L'Histoire},
    year = 1987,
    language = {français},
    keywords = {art-crh, crh-1987}
    }

@article{Berlioz2792-1987,
    author = {Berlioz, Jacques},
    title = {L'effondrement du Mont Granier en Savoie (fin 1248). Production, transmission et réception des récits historiques et légendaires (XIIIe-XVIIe siècles)},
    journal = {Le Monde alpin et rhodanien. Revue régionale d'ethnologie},
    year = 1987,
    language = {français},
    keywords = {art-crh, crh-1987}
    }

@article{Berlioz2793-1987,
    author = {Berlioz, Jacques},
    title = {Il seno nel Medioevo tra erotismo e maternità},
    journal = {Storia e dossier},
    year = 1987,
    language = {italien},
    keywords = {art-crh, crh-1987}
    }

@article{Bonnain2815-1987,
    author = {Bonnain, Rolande},
    title = {Du confit hier et aujourd'hui},
    journal = {Revue d'Ethnozoologie},
    year = 1987,
    language = {français},
    keywords = {art-crh, crh-1987}
    }

@article{Bonnain2816-1987,
    author = {Bonnain, Rolande},
    title = {Place et rôle du hasard sur le marché},
    journal = {Ethnologie française},
    year = 1987,
    language = {français},
    keywords = {art-crh, crh-1987}
    }

@article{Bourdelais2819-1987,
    author = {Bourdelais, Patrice},
    title = {Transitions from Agricultural to Industrial Societies : some Introductory Remarks},
    journal = {Historisch-Sozialwissenschaftliche Forschungen},
    year = 1987,
    language = {anglais},
    keywords = {art-crh, crh-1987}
    }

@article{Brabant2833-1987,
    author = {Brabant, Eva},
    title = {Imre Hermann le psychanalyste de la pensée},
    journal = {Synapse},
    year = 1987,
    language = {français},
    keywords = {art-crh, crh-1987}
    }

@article{Brabant2834-1987,
    author = {Brabant, Eva},
    title = {Portnoy à Budapest},
    journal = {Synapse},
    year = 1987,
    language = {français},
    keywords = {art-crh, crh-1987}
    }

@article{Braunstein2845-1987,
    author = {Braunstein, Philippe},
    title = {Segni del potere, segni del valore},
    journal = {Studi Storici},
    year = 1987,
    language = {italien},
    keywords = {art-crh, crh-1987}
    }

@article{Braunstein2848-1987,
    author = {Braunstein, Philippe},
    title = {Les forges champenoises de la comtesse de Flandre (1372-1404)},
    journal = {Annales E.S.C.},
    year = 1987,
    language = {français},
    keywords = {art-crh, crh-1987}
    }

@article{Bruhns2852-1987,
    author = {Bruhns, Hinnerk},
    title = {A propos d'une controverse},
    journal = {Le Débat},
    year = 1987,
    language = {français},
    keywords = {art-crh, crh-1987}
    }

@article{Burguiere2857-1987,
    author = {Burguiere, André},
    title = {The formation of the couple},
    journal = {The Journal of Family History},
    year = 1987,
    language = {anglais},
    keywords = {art-crh, crh-1987}
    }

@article{Chartier2889-1987,
    author = {Chartier, Roger},
    title = {Le passé composé},
    journal = {Traverses},
    year = 1987,
    language = {français},
    keywords = {art-crh, crh-1987}
    }

@article{Chartier2890-1987,
    author = {Chartier, Roger},
    title = {Sport, religion et violence. Débat entre A. Ehrenberg, R. Chartier et M. Augé},
    journal = {Esprit},
    year = 1987,
    language = {français},
    keywords = {art-crh, crh-1987}
    }

@article{Chaussinand2928-1987,
    author = {Chaussinand-Nogaret, Guy},
    title = {La noblesse, ministère de l'idéal},
    journal = {Autrement},
    year = 1987,
    language = {français},
    keywords = {art-crh, crh-1987}
    }

@article{Chaussinand2929-1987,
    author = {Chaussinand-Nogaret, Guy},
    title = {Girondins et Montagnards},
    journal = {L'Histoire},
    year = 1987,
    language = {français},
    keywords = {art-crh, crh-1987}
    }

@article{Courbin2939-1987,
    author = {Courbin, Paul},
    title = {Le temple archaïque de Délos},
    journal = {Bulletin de Correspondance Hellénique},
    year = 1987,
    language = {français},
    keywords = {art-crh, crh-1987}
    }

@article{Courbin2940-1987,
    author = {Courbin, Paul},
    title = {Saint-Etienne-de-Dions},
    journal = {Archéologie Médiévale},
    year = 1987,
    language = {français},
    keywords = {art-crh, crh-1987}
    }

@article{Courbin2941-1987,
    author = {Courbin, Paul},
    title = {A. Leroi-Gourhan et la technique des fouilles},
    journal = {Bulletin de la Société Préhistorique Française},
    year = 1987,
    language = {français},
    keywords = {art-crh, crh-1987}
    }

@article{Dauphin2953-1987,
    author = {Dauphin-Memeteau, Cécile},
    title = {Dans les coulisses du bureau},
    journal = {Autrement},
    year = 1987,
    language = {français},
    keywords = {art-crh, crh-1987}
    }

@article{Desaive2978-1987,
    author = {Desaive, Jean-Paul},
    title = {Du geste à la parole : délits sexuels et archives judiciaires (1690-1750)},
    journal = {Communications},
    year = 1987,
    language = {français},
    keywords = {art-crh, crh-1987}
    }

@article{Dupaquier2993-1987,
    author = {Dupaquier, Jacques},
    title = {La réforme fiscale dans l'élection de Pontoise à la fin de l'Ancien Régime},
    journal = {Mémoires de la Société historique et archéologique de Pontoise, du Val d'Oise et du Vexin},
    year = 1987,
    language = {français},
    keywords = {art-crh, crh-1987}
    }

@article{Emptoz3008-1987,
    author = {Emptoz, Gérard},
    title = {De Leblanc à Solvay : le sel et la naissance de l'industrie chimique},
    journal = {Sciences et techniques en perspective},
    year = 1987,
    language = {français},
    keywords = {art-crh, crh-1987}
    }

@article{Fauve3020-1987,
    author = {Fauve-Chamoux, Antoinette},
    title = {Kobieta samotna - ziawisko miejskie (la femme sans conjoint - phénomène urbain)},
    journal = {Przcozlooc Demograficzna Polski},
    year = 1987,
    language = {polonais},
    keywords = {art-crh, crh-1987}
    }

@article{Fauve3021-1987,
    author = {Fauve-Chamoux, Antoinette},
    title = {Quoi de neuf en démographie historique},
    journal = {Cahiers de Clio},
    year = 1987,
    language = {français},
    keywords = {art-crh, crh-1987}
    }

@article{Flandrin3035-1987,
    author = {Flandrin, Jean-Louis},
    title = {Historia de la alimentacion : Por une ampliacio de la perspectivas},
    journal = {Revista d'Historia Moderna Manuscrits},
    year = 1987,
    language = {espagnol},
    keywords = {art-crh, crh-1987}
    }

@article{Fridenson3055-1987,
    author = {Fridenson, Patrick},
    title = {Un tournant taylorien de la société française (1904-1918)},
    journal = {Annales E.S.C.},
    year = 1987,
    language = {français},
    keywords = {art-crh, crh-1987}
    }

@article{Fridenson3056-1987,
    author = {Fridenson, Patrick},
    title = {Les entreprises publiques en France de 1944 à 1986},
    journal = {Annali di Storia dell'impresa},
    year = 1987,
    language = {français},
    keywords = {art-crh, crh-1987}
    }

@article{Froeschle3071-1987,
    author = {Froeschle-Chopard, Marie-Hélène},
    title = {Les lieux de culture en Provence orientale : Y-a-t-il un contraste entre bas-pays et zone alpine ?},
    journal = {Croyances religieuses et sociétés alpines, Bulletin de la société d'étude des Hautes-Alpes},
    year = 1987,
    language = {français},
    keywords = {art-crh, crh-1987}
    }

@article{Froeschle3073-1987,
    author = {Froeschle-Chopard, Marie-Hélène},
    title = {Eglises et chapelles de Provence. Le peuple des saints en Provence},
    journal = {Marseille},
    year = 1987,
    language = {français},
    keywords = {art-crh, crh-1987}
    }

@article{Froeschle3074-1987,
    author = {Froeschle-Chopard, Marie-Hélène},
    title = {Les 'grands saints' de Provence},
    journal = {Marseille},
    year = 1987,
    language = {français},
    keywords = {art-crh, crh-1987}
    }

@article{Froeschle3076-1987,
    author = {Froeschle-Chopard, Marie-Hélène},
    title = {L'église et le peuple dans les cahiers de doléances : la sénéchaussée de Draguignan fait-elle partie du Midi rouge ?},
    journal = {Procence historique, fascicule 148: Midi Rouge et Midi Blanc, Provence historique},
    year = 1987,
    language = {français},
    keywords = {art-crh, crh-1987}
    }

@article{Froeschle3077-1987,
    author = {Froeschle-Chopard, Marie-Hélène},
    title = {Pénitents et sociétés populaires dans le sud-est},
    journal = {Annales Historiques de la Révolution Française},
    year = 1987,
    language = {français},
    keywords = {art-crh, crh-1987}
    }

@article{Froeschle3078-1987,
    author = {Froeschle-Chopard, Marie-Hélène},
    title = {Les saints des lieux et des hommes},
    journal = {Annales de l'Est},
    year = 1987,
    language = {français},
    keywords = {art-crh, crh-1987}
    }

@article{Goubert3096-1987,
    author = {Goubert, Jean-Pierre},
    title = {La réputation du médecin : corps médical et subdélégués dans la France pré-révolutionnaire},
    journal = {Bulletin canadien d'histoire de la médecine (Canadian Bulletin of Medical History)},
    year = 1987,
    language = {français},
    keywords = {art-crh, crh-1987}
    }

@article{Nahoum3118-1987,
    author = {Nahoum-Grappe, Véronique},
    title = {Conflit de parure et vouloir paraître : briller à Paris au XVIIIe siècle},
    journal = {Communications},
    year = 1987,
    language = {français},
    keywords = {art-crh, crh-1987}
    }

@article{Nahoum3120-1987,
    author = {Nahoum-Grappe, Véronique},
    title = {Les usages sociaux de l'alcool, les mots et les conduites : France 1750-1850},
    journal = {Sciences Sociales Information},
    year = 1987,
    language = {français},
    keywords = {art-crh, crh-1987}
    }

@article{Nahoum3121-1987,
    author = {Nahoum-Grappe, Véronique},
    title = {Les scènes de la grande pauvreté},
    journal = {Société},
    year = 1987,
    language = {français},
    keywords = {art-crh, crh-1987}
    }

@article{Nahoum3122-1987,
    author = {Nahoum-Grappe, Véronique},
    title = {L'apparition d'une nouvelle mode},
    journal = {Société},
    year = 1987,
    language = {français},
    keywords = {art-crh, crh-1987}
    }

@article{Nahoum3123-1987,
    author = {Nahoum-Grappe, Véronique},
    title = {Portrait de P. Naville},
    journal = {Société},
    year = 1987,
    language = {français},
    keywords = {art-crh, crh-1987}
    }

@article{Grenier3139-1987,
    author = {Grenier, Jean-Yves},
    title = {Modèles de la demande dans l'Ancien Régime},
    journal = {Annales E.S.C.},
    year = 1987,
    language = {français},
    keywords = {art-crh, crh-1987}
    }

@article{Grinberg3142-1987,
    author = {Grinberg, Martine},
    title = {Post scriptum},
    journal = {Civilisations},
    year = 1987,
    language = {français},
    keywords = {art-crh, crh-1987}
    }

@article{Guelle3146-1987,
    author = {Guelle, Françoise and S. Sei},
    title = {Délocalisation de production par l'industrie automobile japonnaise},
    journal = {ISFRES},
    year = 1987,
    language = {français},
    keywords = {art-crh, crh-1987}
    }

@article{Hemardinquer3182-1987,
    author = {Hemardinquer, Jean-Jacques},
    title = {Le Dr Robineau-Desvoidy et Raspail : leur correspondance},
    journal = {Bulletin de la Société des sciences historiques et naturelles de l'Yonne},
    year = 1987,
    language = {français},
    keywords = {art-crh, crh-1987}
    }

@article{Jeannin3186-1987,
    author = {Jeannin, Pierre},
    title = {Il concetto di protindustrializzazione e la sua utilizzazione per la storia dell'industria in Europa dalla fine del Medioevo},
    journal = {Quaderni Storici},
    year = 1987,
    language = {italien},
    keywords = {art-crh, crh-1987}
    }

@article{Jeannin3188-1987,
    author = {Jeannin, Pierre},
    title = {La clientèle étrangère de la maison Schroeder et Schyler de la guerre de Sept ans à la guerre d'Indépendance américaine},
    journal = {Bulletin d'histoire des espaces atlantiques},
    year = 1987,
    language = {français},
    keywords = {art-crh, crh-1987}
    }

@article{Jeorger3190-1987,
    author = {Jeorger, Muriel and J.-P. Bardet},
    title = {La société face au problème de l'abandon},
    journal = {Revue Histoire, Economie et Société},
    year = 1987,
    language = {français},
    keywords = {art-crh, crh-1987}
    }

@article{Jeorger3191-1987,
    author = {Jeorger, Muriel},
    title = {L'Hymen sous la neige ou sous les Tropiques},
    journal = {Revue Histoire Economie et Société},
    year = 1987,
    language = {français},
    keywords = {art-crh, crh-1987}
    }

@article{Jeorger3192-1987,
    author = {Jeorger, Muriel},
    title = {Enfant objet-enfant trouvé},
    journal = {Revue Histoire, Economie et Société},
    year = 1987,
    language = {français},
    keywords = {art-crh, crh-1987}
    }

@article{Jorland3194-1987,
    author = {Jorland, Gérard},
    title = {Le modèle de Braudel},
    journal = {Critique},
    year = 1987,
    language = {français},
    keywords = {art-crh, crh-1987}
    }

@article{Julliard3238-1987,
    author = {Julliard, Jacques},
    title = {De la terreur comme moyen de gouvernement},
    journal = {Le Mouvement Social},
    year = 1987,
    language = {français},
    keywords = {art-crh, crh-1987}
    }

@article{Julliard3239-1987,
    author = {Julliard, Jacques},
    title = {La tentation du prince-président},
    journal = {Pouvoirs},
    year = 1987,
    language = {français},
    keywords = {art-crh, crh-1987}
    }

@article{Julliard3240-1987,
    author = {Julliard, Jacques},
    title = {Le monde des revues au début du siècle},
    journal = {Cahiers Georges Sorel},
    year = 1987,
    language = {français},
    keywords = {art-crh, crh-1987}
    }

@article{Julliard3241-1987,
    author = {Julliard, Jacques},
    title = {L'ouvrier des deux mondes},
    journal = {Cahiers Georges Sorel},
    year = 1987,
    language = {français},
    keywords = {art-crh, crh-1987}
    }

@article{Lagarce3261-1987,
    author = {Lagarce, Jacques and E. Lagarce, and A. Bounni and N. Saliby},
    title = {Les dixième et onzième campagnes de fouilles (1984 et 1986) à Ras Ibn Hani (Syrie)},
    journal = {Comptes rendus de l'Académie des Inscriptions et Belles-Lettres},
    year = 1987,
    language = {français},
    keywords = {art-crh, crh-1987}
    }

@article{Lagarce3262-1987,
    author = {Lagarce, Jacques and E. Lagarce},
    title = {La métallurgie},
    journal = {Le Monde de la Bible},
    year = 1987,
    language = {français},
    keywords = {art-crh, crh-1987}
    }

@article{LeGoff3270-1987,
    author = {Le Goff, Jacques},
    title = {Reims, la mémoire du sacre},
    journal = {L'Histoire},
    year = 1987,
    language = {français},
    keywords = {art-crh, crh-1987}
    }

@article{LeGoff3273-1987,
    author = {Le Goff, Jacques},
    title = {La geografia dell'aldilà},
    journal = {Storia e dossier},
    year = 1987,
    language = {italien},
    keywords = {art-crh, crh-1987}
    }

@article{LeGoff3274-1987,
    author = {Le Goff, Jacques},
    title = {Problèmes et réflexions d'un médiéviste face à la théologie},
    journal = {Revue de l'Institut Catholique de Paris},
    year = 1987,
    language = {français},
    keywords = {art-crh, crh-1987}
    }

@article{LeMee3298-1987,
    author = {Le Mee, René and R. Horvath},
    title = {Bibliographie des travaux de Köroczy},
    journal = {Annales de Démographie Historique 1986},
    year = 1987,
    language = {français},
    keywords = {art-crh, crh-1987}
    }

@article{Lepetit3313-1987,
    author = {Lepetit, Bernard and C. Cauvin and H. Reymond},
    title = {Cartes postales : un espace de relation dans la France pré-industrielle},
    journal = {Histoire et Mesure},
    year = 1987,
    language = {français},
    keywords = {art-crh, crh-1987}
    }

@article{Milo3327-1987,
    author = {Milo, Daniel},
    title = {Le musical et le social : variations sur quatre textes de William Weber},
    journal = {Annales E.S.C.},
    year = 1987,
    language = {français},
    keywords = {art-crh, crh-1987}
    }

@article{Milo3328-1987,
    author = {Milo, Daniel},
    title = {La rencontre, insolite mais édifiante, du quantitatif et du culturel},
    journal = {Histoire et Mesure},
    year = 1987,
    language = {français},
    keywords = {art-crh, crh-1987}
    }

@article{Mouradian3336-1987,
    author = {Mouradian, Claire},
    title = {L'église apostolique arménienne},
    journal = {Plamia},
    year = 1987,
    language = {français},
    keywords = {art-crh, crh-1987}
    }

@article{Netter3344-1987,
    author = {Netter, Marie-Laurence},
    title = {Georges Sorel et l'Indépendance},
    journal = {Cahiers Georges Sorel},
    year = 1987,
    language = {français},
    keywords = {art-crh, crh-1987}
    }

@article{Netter3345-1987,
    author = {Netter, Marie-Laurence and P. Andreu and M. Prat},
    title = {Lettres de Georges Sorel à Edouard Berth : 1911-1917},
    journal = {Cahiers Georges Sorel},
    year = 1987,
    language = {français},
    keywords = {art-crh, crh-1987}
    }

@article{Ozouf3358-1987,
    author = {Ozouf, Jacques and M. Ozouf},
    title = {La tradition politique des instituteurs},
    journal = {Pouvoirs},
    year = 1987,
    language = {français},
    keywords = {art-crh, crh-1987}
    }

@article{Ozouf3361-1987,
    author = {Ozouf, Mona},
    title = {La fête révolutionnaire et l'espace urbain},
    journal = {Stadt und Fest},
    year = 1987,
    language = {français},
    keywords = {art-crh, crh-1987}
    }

@article{Ozouf3362-1987,
    author = {Ozouf, Mona and J. Ozouf},
    title = {La tradition politique des instituteurs},
    journal = {Pouvoirs},
    year = 1987,
    language = {français},
    keywords = {art-crh, crh-1987}
    }

@article{Pasquet3374-1987,
    author = {Pasquet, Yvonne},
    title = {Un siècle de comportements électoraux dans l'Ouest des Deux-Sèvres},
    journal = {Espaces géographiques et sociétés localisées dans la France de l'Ouest, Géographie Sociale},
    year = 1987,
    language = {français},
    keywords = {art-crh, crh-1987}
    }

@article{Peter3399-1987,
    author = {Peter, Jean-Pierre},
    title = {Le désordre contenu : attitudes médicales face à l'épidémie au Siècle des Lumières (Poitou, 1784-1785)},
    journal = {Ethnologie Française},
    year = 1987,
    language = {français},
    keywords = {art-crh, crh-1987}
    }

@article{Piponnier3414-1987,
    author = {Piponnier, Françoise},
    title = {La zona urbana},
    journal = {Fiorentino campagne di scavo 1984 e 1985, Quaderni di archeologia e storia dell'arte in Capitanata},
    year = 1987,
    language = {italien},
    keywords = {art-crh, crh-1987}
    }

@article{Podselver3424-1987,
    author = {Podselver, Laurence},
    title = {Les Lubavitch : l'identité, la redondance et la séparation},
    journal = {Pardes},
    year = 1987,
    language = {français},
    keywords = {art-crh, crh-1987}
    }

@article{PoloDeBeaulieu3427-1987,
    author = {Polo De Beaulieu, Marie-Anne},
    title = {Panorama de la lexicométrie},
    journal = {Histoire et Mesure},
    year = 1987,
    language = {français},
    keywords = {art-crh, crh-1987}
    }

@article{Pomian3443-1987,
    author = {Pomian, Krzysztof},
    title = {Orsay tel qu'on le voit. Entretien avec Françoise Cachin},
    journal = {Le Débat},
    year = 1987,
    language = {français},
    keywords = {art-crh, crh-1987}
    }

@article{Pomian3444-1987,
    author = {Pomian, Krzysztof},
    title = {I modelli nell'epistemologia},
    journal = {La nuova civiltà delle macchine},
    year = 1987,
    language = {italien},
    keywords = {art-crh, crh-1987}
    }

@article{Pomian3445-1987,
    author = {Pomian, Krzysztof and A. Chastel},
    title = {Les  intermédiaires},
    journal = {Revue de l'Art},
    year = 1987,
    language = {français},
    keywords = {art-crh, crh-1987}
    }

@article{Pomian3446-1987,
    author = {Pomian, Krzysztof},
    title = {Jelenski : szkic do portretu},
    journal = {Kultura},
    year = 1987,
    language = {polonais},
    keywords = {art-crh, crh-1987}
    }

@article{Pomian3447-1987,
    author = {Pomian, Krzysztof},
    title = {Tiempo, literatura y autonomia de los signos},
    journal = {Revista de Occidente},
    year = 1987,
    language = {espagnol},
    keywords = {art-crh, crh-1987}
    }

@article{Reberioux3477-1987,
    author = {Reberioux, Madeleine},
    title = {La Revue socialiste},
    journal = {Cahiers Georges Sorel},
    year = 1987,
    language = {français},
    keywords = {art-crh, crh-1987}
    }

@article{Reberioux3478-1987,
    author = {Reberioux, Madeleine},
    title = {L'histoire au musée},
    journal = {Le Débat},
    year = 1987,
    language = {français},
    keywords = {art-crh, crh-1987}
    }

@article{Scherrer3500-1987,
    author = {Scherrer, Jutta},
    title = {Märtyrer oder Mörder ? Erinnerungen eines russischen Terroristen},
    journal = {Merkur},
    year = 1987,
    language = {allemand},
    keywords = {art-crh, crh-1987}
    }

@article{Scherrer3501-1987,
    author = {Scherrer, Jutta},
    title = {Zeit der Verbannung : Jelena Bonner und Andrej Sacharow},
    journal = {Die Zeit},
    year = 1987,
    language = {allemand},
    keywords = {art-crh, crh-1987}
    }

@article{Scherrer3502-1987,
    author = {Scherrer, Jutta},
    title = {Das ist unsere Revolution !},
    journal = {Die Zeit},
    year = 1987,
    language = {allemand},
    keywords = {art-crh, crh-1987}
    }

@article{Scherrer3503-1987,
    author = {Scherrer, Jutta},
    title = {Moskauer Winter. Ein Tagebuch},
    journal = {Merkur},
    year = 1987,
    language = {allemand},
    keywords = {art-crh, crh-1987}
    }

@article{Scherrer3504-1987,
    author = {Scherrer, Jutta},
    title = {Das Gorbatschow-Fieber : Szelen aus New-York},
    journal = {Die Zeit},
    year = 1987,
    language = {allemand},
    keywords = {art-crh, crh-1987}
    }

@article{Schmitt3529-1987,
    author = {Schmitt, Jean-Claude},
    title = {A làtomàsok à közepkorban},
    journal = {Vilàgossàg},
    year = 1987,
    language = {hongrois},
    keywords = {art-crh, crh-1987}
    }

@article{Schmitt3530-1987,
    author = {Schmitt, Jean-Claude},
    title = {Lo sguardo dell'Occidente},
    journal = {Storia e dossier},
    year = 1987,
    language = {italien},
    keywords = {art-crh, crh-1987}
    }

@article{Schmitt3532-1987,
    author = {Schmitt, Jean-Claude},
    title = {La morale des gestes},
    journal = {Communications},
    year = 1987,
    language = {français},
    keywords = {art-crh, crh-1987}
    }

@article{Schmitt3533-1987,
    author = {Schmitt, Jean-Claude},
    title = {Le spectre de Samuel et la sorcière d'En Dor. Avatars historiques d'un récit biblique, I Rois 28},
    journal = {Etudes rurales},
    year = 1987,
    language = {français},
    keywords = {art-crh, crh-1987}
    }

@article{Schmitt3534-1987,
    author = {Schmitt, Jean-Claude},
    title = {Le retour des morts},
    journal = {Etudes rurales},
    year = 1987,
    language = {français},
    keywords = {art-crh, crh-1987}
    }

@article{Schnapper3556-1987,
    author = {Schnapper, Dominique},
    title = {Les limites de la démographie des Juifs de la diaspora},
    journal = {Revue Française de Sociologie},
    year = 1987,
    language = {français},
    keywords = {art-crh, crh-1987}
    }

@article{Schnapper3557-1987,
    author = {Schnapper, Dominique},
    title = {Le point de vue du démographe},
    journal = {Les Nouveaux Cahiers},
    year = 1987,
    language = {français},
    keywords = {art-crh, crh-1987}
    }

@article{Schnapper3558-1987,
    author = {Schnapper, Dominique},
    title = {Sélection : le poids des mots},
    journal = {Commentaire},
    year = 1987,
    language = {français},
    keywords = {art-crh, crh-1987}
    }

@article{Schnapper3559-1987,
    author = {Schnapper, Dominique},
    title = {Unité nationale et particularismes culturels},
    journal = {Commentaire},
    year = 1987,
    language = {français},
    keywords = {art-crh, crh-1987}
    }

@article{Sigaut3578-1987,
    author = {Sigaut, François},
    title = {Renouer le fil},
    journal = {Techniques et Culture},
    year = 1987,
    language = {français},
    keywords = {art-crh, crh-1987}
    }

@article{Sigaut3579-1987,
    author = {Sigaut, François},
    title = {Des idées pour observer},
    journal = {Techniques et Culture},
    year = 1987,
    language = {français},
    keywords = {art-crh, crh-1987}
    }

@book{Andreau2721-1987,
    author = {Andreau, Jean},
    title = {Vie financière dans le monde romain : les métiers de manieurs d'argent (IVe s. av. J.-C.-IIIe s. ap. J.-C.},
    publisher = {},
    series = {},
    location = {Rome},
    year = 1987,
    pagetotal = {},
    language = {français},
    keywords = {book-crh, crh-1987}
    }

@book{Aymard2741-1987,
    author = {Aymard, Maurice},
    title = {Storia d'Italia. Le Regioni dall'Unità ad oggi : la Sicilia},
    publisher = {Einaudi},
    series = {},
    location = {Turin},
    year = 1987,
    pagetotal = {},
    language = {italien},
    keywords = {book-crh, crh-1987}
    }

@book{Bourdelais2820-1987,
    author = {Bourdelais, Patrice and A. Dodin},
    title = {Visages du choléra},
    publisher = {Belin},
    series = {},
    location = {Paris},
    year = 1987,
    pagetotal = {},
    language = {français},
    keywords = {book-crh, crh-1987}
    }

@book{Bourdelais2821-1987,
    author = {Bourdelais, Patrice and J.-Y. Raulot},
    title = {Une peur bleue, Histoire du choléra en France},
    publisher = {Payot},
    series = {},
    location = {Paris},
    year = 1987,
    pagetotal = {},
    language = {français},
    keywords = {book-crh, crh-1987}
    }

@book{Chapelot2866-1987,
    author = {Chapelot, Odette and M. Barbier and D. Cailleaux},
    title = {Carreaux de Pavement du Moyen Age et de la Renaissance},
    publisher = {Ed. des musées de  Chaumont et de Saint-Dizier},
    series = {},
    location = {Chaumont / Saint-Dizier},
    year = 1987,
    pagetotal = {},
    language = {français},
    keywords = {book-crh, crh-1987}
    }

@book{Chartier2883-1987,
    author = {Chartier, Roger},
    title = {Lectures et lecteurs dans la France de l'Ancien Régime},
    publisher = {Seuil},
    series = {},
    location = {Paris},
    year = 1987,
    pagetotal = {},
    language = {français},
    keywords = {book-crh, crh-1987}
    }

@book{Daumard2945-1987,
    author = {Daumard, Adeline},
    title = {Les bourgeois et la bourgeoisie en France de 1815 à nos jours},
    publisher = {Aubier},
    series = {},
    location = {Paris},
    year = 1987,
    pagetotal = {},
    language = {français},
    keywords = {book-crh, crh-1987}
    }

@book{Demelas2961-1987,
    author = {Demelas-Bohy, Marie-Danièle and Y. Saint-Geours},
    title = {La vie quotidienne en Amérique du Sud au temps de Bolivar},
    publisher = {Hachette},
    series = {},
    location = {Paris},
    year = 1987,
    pagetotal = {},
    language = {français},
    keywords = {book-crh, crh-1987}
    }

@book{Ferro3029-1987,
    author = {Ferro, Marc},
    title = {Pétain},
    publisher = {Fayard},
    series = {},
    location = {Paris},
    year = 1987,
    pagetotal = {},
    language = {français},
    keywords = {book-crh, crh-1987}
    }

@book{Fridenson3054-1987,
    author = {Fridenson, Patrick and A. Straus},
    title = {Le capitalisme français XIXe-XXe siècles},
    publisher = {Fayard},
    series = {},
    location = {Paris},
    year = 1987,
    pagetotal = {},
    language = {français},
    keywords = {book-crh, crh-1987}
    }

@book{Fridenson3058-1987,
    author = {Fridenson, Patrick and I. Tournier},
    title = {La 4CV au Salon de l'Auto 1946},
    publisher = {La Documentation Française},
    series = {},
    location = {Paris},
    year = 1987,
    pagetotal = {},
    language = {français},
    keywords = {book-crh, crh-1987}
    }

@book{Guillou3161-1987,
    author = {Guillou, André and Br. Lyon and Fr. Gabrieli and H. Steuer},
    title = {Carlomagno e Maometto},
    publisher = {Jaca Book},
    series = {},
    location = {Milan},
    year = 1987,
    pagetotal = {},
    language = {italien},
    keywords = {book-crh, crh-1987}
    }

@book{Lagarce3260-1987,
    author = {Lagarce, Jacques and E. Lagarce},
    title = {Ras Ibn Hani. Archéologie et histoire},
    publisher = {},
    series = {},
    location = {Damas},
    year = 1987,
    pagetotal = {},
    language = {français},
    keywords = {book-crh, crh-1987}
    }

@book{LeGoff3272-1987,
    author = {Le Goff, Jacques},
    title = {L'Uomo medievale},
    publisher = {Laterza},
    series = {},
    location = {Roma-Bari},
    year = 1987,
    pagetotal = {},
    language = {italien},
    keywords = {book-crh, crh-1987}
    }

@book{Lemay3294-1987,
    author = {Lemay, Edna},
    title = {La vie quotidienne des députés aux Etats généraux},
    publisher = {Hachette},
    series = {},
    location = {Paris},
    year = 1987,
    pagetotal = {},
    language = {français},
    keywords = {book-crh, crh-1987}
    }

@book{Lepetit3309-1987,
    author = {Lepetit, Bernard and J. Hoock},
    title = {La ville et l'innovation en Europe, XIVe-XIXe siècles},
    publisher = {EHESS},
    series = {},
    location = {Paris},
    year = 1987,
    pagetotal = {},
    language = {français},
    keywords = {book-crh, crh-1987}
    }

@book{Ostuni3356-1987,
    author = {Ostuni, Giustina},
    title = {Les outils dans les Balkans du Moyen-Age à nos jours},
    publisher = {EHESS},
    series = {},
    location = {Paris},
    year = 1987,
    pagetotal = {},
    language = {français},
    keywords = {book-crh, crh-1987}
    }

@book{Pestre3395-1987,
    author = {Pestre, Dominique and A. Hermann and J. Krige and U. Mersits},
    title = {History of CERN, I - Launching the European Organization for Nuclear Research},
    publisher = {North Holland},
    series = {},
    location = {Amsterdam},
    year = 1987,
    pagetotal = {},
    language = {anglais},
    keywords = {book-crh, crh-1987}
    }

@book{Picard3408-1987,
    author = {Picard, Jean-François},
    title = {Recherche et industrie, témoignages pour quarante ans d'études et de recherches à Electricité de France},
    publisher = {},
    series = {},
    location = {Eyrolles},
    year = 1987,
    pagetotal = {},
    language = {français},
    keywords = {book-crh, crh-1987}
    }

@book{Pomian3440-1987,
    author = {Pomian, Krzysztof},
    title = {Collectionneurs, amateurs et curieux. Paris-Venise, XVIe-XVIIIe siècles},
    publisher = {Gallimard},
    series = {},
    location = {Paris},
    year = 1987,
    pagetotal = {},
    language = {français},
    keywords = {book-crh, crh-1987}
    }

@book{Pomian3448-1987,
    author = {Pomian, Krzysztof},
    title = {Der Ursprung des Museums. Vom Sammeln},
    publisher = {Wagenbach},
    series = {},
    location = {Berlin},
    year = 1987,
    pagetotal = {},
    language = {allemand},
    keywords = {book-crh, crh-1987}
    }

@book{Rebaudo3474-1987,
    author = {Rebaudo, Danièle and J. Dupaquier and J.-P. Pélissier},
    title = {Le temps des Jules},
    publisher = {Ed. Christian},
    series = {},
    location = {Paris},
    year = 1987,
    pagetotal = {},
    language = {français},
    keywords = {book-crh, crh-1987}
    }

@book{Sigaut3583-1987,
    author = {Sigaut, François},
    title = {De la voûte céleste au terroir, du jardin au foyer},
    publisher = {EHESS},
    series = {},
    location = {Paris},
    year = 1987,
    pagetotal = {},
    language = {français},
    keywords = {book-crh, crh-1987}
    }

@book{Tenenti3587-1987,
    author = {Tenenti, Alberto},
    title = {Stato : un'idea, una logica},
    publisher = {Il Mulino},
    series = {},
    location = {Bologne},
    year = 1987,
    pagetotal = {},
    language = {italien},
    keywords = {book-crh, crh-1987}
    }

@book{Valensi3593-1987,
    author = {Valensi, Lucette},
    title = {Venise et la Sublime Porte. La naissance du despote},
    publisher = {Hachette},
    series = {},
    location = {Paris},
    year = 1987,
    pagetotal = {},
    language = {français},
    keywords = {book-crh, crh-1987}
    }

@book{Valensi3595-1987,
    author = {Valensi, Lucette and A.-L. Hudovitch},
    title = {Gli ultimi Ebrei arabi. Le communità di Gerba},
    publisher = {Istituto della Enciclopedia italiana},
    series = {},
    location = {Rome},
    year = 1987,
    pagetotal = {},
    language = {italien},
    keywords = {book-crh, crh-1987}
    }

@book{Velay3599-1987,
    author = {Velay-Vallantin, Catherine and J. Barchilon},
    title = {Pensées chrétiennes de Charles Perrault},
    publisher = {Paris-Seattle-Tübingen},
    series = {},
    location = {Papers on French Seventeenth Century Literature},
    year = 1987,
    pagetotal = {},
    language = {français},
    keywords = {book-crh, crh-1987}
    }

@book{Vincent3605-1987,
    author = {Vincent, Bernard},
    title = {Minorias y marginados en la Espana del siglo XVI},
    publisher = {Diputacion provincial},
    series = {},
    location = {Grenade},
    year = 1987,
    pagetotal = {},
    language = {espagnol},
    keywords = {book-crh, crh-1987}
    }

@book{Vincent3608-1987,
    author = {Vincent, Bernard and A. Bazzana and A. Humbert},
    title = {Terres de Grenade},
    publisher = {Ed. Arhis},
    series = {},
    location = {Paris},
    year = 1987,
    pagetotal = {},
    language = {français},
    keywords = {book-crh, crh-1987}
    }

@inproceedings{Demelas80-1987,
    author = {Demelas-Bohy, Marie-Danièle},
    editor = {},
    title = {L'école et la république. Les projets scolaires des premiers dirigeants de l'Equateur (1833-1875)},
    booktitle = {Actes du Colloque L'enseignement primaire en Espagne et en Amérique latine du XVIIIe siècle à nos jours},
    publisher = {Publications de l'université de Tours},
    location = {Tours},
    year = 1987,
    pagetotal = {8},
    language = {français},
    keywords = {inproceedings-crh, crh-1987}
    }

@inproceedings{Demelas85-1987,
    author = {Demelas-Bohy, Marie-Danièle},
    editor = {},
    title = {Le vote indien dans les Andes pendant la période révolutionnaire (1810-1815)},
    booktitle = {Actes du Colloque Le Noir et l'Indien dans la mentalité coloniale de l'Amérique espagnole},
    publisher = {Les Langues néo-latines, 261},
    location = {},
    year = 1987,
    pagetotal = {20},
    language = {français},
    keywords = {inproceedings-crh, crh-1987}
    }

@inproceedings{PoloDeBeaulieu179-1987,
    author = {Polo De Beaulieu, Marie-Anne},
    editor = {},
    title = {La condamnation des soins de beauté par les prédicateurs médiévaux},
    booktitle = {Actes du Colloque International Les soins de beauté, Moyen Age-Epoque moderne, Grasse 1985},
    publisher = {},
    location = {Nice},
    year = 1987,
    pagetotal = {14},
    language = {français},
    keywords = {inproceedings-crh, crh-1987}
    }

@inproceedings{Piponnier200-1987,
    author = {Piponnier, Françoise},
    editor = {},
    title = {L'outillage agricole en Bourgogne à la fin du Moyen Age},
    booktitle = {Actes du 109e Congrès National des Sociétés Savantes Histoire Médiévale, Dijon 1984},
    publisher = {},
    location = {Paris},
    year = 1987,
    pagetotal = {15},
    language = {français},
    keywords = {inproceedings-crh, crh-1987}
    }

@inproceedings{Piponnier212-1987,
    author = {Piponnier, Françoise and D. Alexandre-Bidon},
    editor = {},
    title = {Gestes et objets de la toilette aux XIVe et XVe siècles},
    booktitle = {Actes du Colloque Les soins de beauté, Grasse, 1985},
    publisher = {},
    location = {Nice},
    year = 1987,
    pagetotal = {34},
    language = {français},
    keywords = {inproceedings-crh, crh-1987}
    }

@inproceedings{Piponnier213-1987,
    author = {Piponnier, Françoise},
    editor = {},
    title = {La céramique dans son contexte quotidien d'après les inventaires bourguignons (XIVe-XVe siècles)},
    booktitle = {Actes du 1er Congrès international d'archéologie médiévale, Paris 1985},
    publisher = {},
    location = {Paris},
    year = 1987,
    pagetotal = {9},
    language = {français},
    keywords = {inproceedings-crh, crh-1987}
    }

@inproceedings{Piponnier214-1987,
    author = {Piponnier, Françoise},
    editor = {},
    title = {Les ateliers des artisans dijonnais du textile d'après les inventaires mobiliers (XIV-XVe siècles)},
    booktitle = {Actes de la 3e Rencontre internationale d'histoire du textile. Autour de l'habitat textile (XIV-XIXe siècles), Tourcoing 1986},
    publisher = {},
    location = {Tourcoing},
    year = 1987,
    pagetotal = {9},
    language = {français},
    keywords = {inproceedings-crh, crh-1987}
    }

@inproceedings{Beutler216-1987,
    author = {Beutler, Corinne},
    editor = {F.Lebrun and N.Séguin},
    title = {L'outillage agricole dans les inventaires paysans de la région de Montréal reflète-il une transformation de l'agriculture entre 1792 et 1835 ?},
    booktitle = {Actes du Colloque Sociétés villageoises et rapports villes-campagnes au Québec et dans la France de l'Ouest, XVIIe-XXe siècles, Québec 1985},
    publisher = {CREQ-PUR},
    location = {Trois-Rivières et Rennes},
    year = 1987,
    pagetotal = {10},
    language = {français},
    keywords = {inproceedings-crh, crh-1987}
    }

@inproceedings{Jeannin237-1987,
    author = {Jeannin, Pierre},
    editor = {},
    title = {Guides de voyage et manuels pour marchands},
    booktitle = {Actes du Colloque de Tours, Voyager à la Renaissance, 1983},
    publisher = {},
    location = {Paris},
    year = 1987,
    pagetotal = {11},
    language = {français},
    keywords = {inproceedings-crh, crh-1987}
    }

@inproceedings{Guillou277-1987,
    author = {Guillou, André},
    editor = {},
    title = {Le rebelle dans la société byzantine},
    booktitle = {Actes du Congrès Les identités nationales et la tradition culturelle dans les Balkans},
    publisher = {},
    location = {Athènes},
    year = 1987,
    pagetotal = {21},
    language = {français},
    keywords = {inproceedings-crh, crh-1987}
    }

@inproceedings{Gasnault311-1987,
    author = {Gasnault, Marie-Claire},
    editor = {},
    title = {Le clergé dans les paroisses rurales du diocèse de Sens à la fin du Moyen Age},
    booktitle = {Actes du 109e Congrès National des Sociétés Savantes, Dijon, 1984},
    publisher = {CTHS},
    location = {Paris},
    year = 1987,
    pagetotal = {11},
    language = {français},
    keywords = {inproceedings-crh, crh-1987}
    }

@inproceedings{Jouhaud381-1987,
    author = {Jouhaud, Christian},
    editor = {},
    title = {Action politique et sociabilités : les Frondes radicales},
    booktitle = {Actes du Colloque Structures de Sociabilités. Pouvoirs et Sociétés, Rouen 1983},
    publisher = {},
    location = {Rouen},
    year = 1987,
    pagetotal = {},
    language = {français},
    keywords = {inproceedings-crh, crh-1987}
    }

@inproceedings{Lemay618-1987,
    author = {Lemay, Edna},
    editor = {},
    title = {La référence à la Pologne à l'Assemblée constituante en France, 1789-1791},
    booktitle = {Actes du Colloque de Matrafüred},
    publisher = {},
    location = {Budapest},
    year = 1987,
    pagetotal = {13},
    language = {français},
    keywords = {inproceedings-crh, crh-1987}
    }

@inproceedings{Lemay637-1987,
    author = {Lemay, Edna},
    editor = {},
    title = {Le modèle suédois à la Révolution française ou les dangers de la démocratie},
    booktitle = {Actes du Congrès des Lumières, Budapest 1987},
    publisher = {},
    location = {Budapest},
    year = 1987,
    pagetotal = {5},
    language = {français},
    keywords = {inproceedings-crh, crh-1987}
    }

@inproceedings{Desaive720-1987,
    author = {Desaive, Jean-Paul},
    editor = {},
    title = {L'acquisition ou la vente foncière : en Vallée d'Aillant au XVIIIe siècle},
    booktitle = {Actes du 109e Congrès national des Sociétés savantes, Dijon 1984},
    publisher = {Bibliothèque nationale},
    location = {Paris},
    year = 1987,
    pagetotal = {10},
    language = {français},
    keywords = {inproceedings-crh, crh-1987}
    }

@inproceedings{Chartier756-1987,
    author = {Chartier, Roger and D. Julia},
    editor = {},
    title = {L'école : traditions et modernisation},
    booktitle = {Actes du VIIe Congrès International des Lumières : rapports préliminaires},
    publisher = {The Voltaire Foundation},
    location = {Oxford},
    year = 1987,
    pagetotal = {11},
    language = {français},
    keywords = {inproceedings-crh, crh-1987}
    }

@inproceedings{Alexandre760-1987,
    author = {Alexandre-Bidon, Danièle},
    editor = {},
    title = {Libertés et contraintes dans l'éducation des jeunes enfants à la fin du Moyen Age},
    booktitle = {Actes du Colloque Les libertés au Moyen Age, Montbrison, 1986},
    publisher = {},
    location = {Montbrison},
    year = 1987,
    pagetotal = {12},
    language = {français},
    keywords = {inproceedings-crh, crh-1987}
    }

@inproceedings{Chartier766-1987,
    author = {Chartier, Roger and D. Roche},
    editor = {},
    title = {Livres et presse : véhicules des idées},
    booktitle = {Actes du VIIe Congrès International des Lumières : rapports préliminaires, Budapest 1987},
    publisher = {The Voltaire Foundation},
    location = {Oxford},
    year = 1987,
    pagetotal = {14},
    language = {français},
    keywords = {inproceedings-crh, crh-1987}
    }

@inproceedings{Alexandre772-1987,
    author = {Alexandre-Bidon, Danièle and F. Piponnier},
    editor = {},
    title = {Gestes et objets de la toilette aux XIVe et XVe siècles},
    booktitle = {Actes du Colloque Les soins de beauté au Moyen Age, Grasse 1985},
    publisher = {},
    location = {Nice},
    year = 1987,
    pagetotal = {34},
    language = {français},
    keywords = {inproceedings-crh, crh-1987}
    }

@inproceedings{Pasquet1601-1987,
    author = {Pasquet, Yvonne},
    editor = {},
    title = {De la découverte à l'abandon du Canada à travers les manuels d'histoire de l'enseignement primaire français de la IIIe République},
    booktitle = {Actes du Colloque franco-québécois Sociétés villageoises et rapports villes-campagnes au Québec et dans la France de l'Ouest: XVIIe-XXe siècles, Québec 1985},
    publisher = {CREQ-PUR},
    location = {Trois-Rivières-Rennes},
    year = 1987,
    pagetotal = {10},
    language = {français},
    keywords = {inproceedings-crh, crh-1987}
    }

@inproceedings{Perrot1684-1987,
    author = {Perrot, Jean-Claude},
    editor = {},
    title = {Portrait des agents économiques dans l'oeuvre de Boisguilbert},
    booktitle = {Actes du Colloque International Boisguilbert parmi nous, Rouen 1975},
    publisher = {INED},
    location = {Paris},
    year = 1987,
    pagetotal = {16},
    language = {français},
    keywords = {inproceedings-crh, crh-1987}
    }

@inproceedings{Ormieres1960-1987,
    author = {Ormieres, Jean-Louis},
    editor = {F. Lebrun and R. Dupuy},
    title = {Les scrutins de 1790 et 1791 et le soulèvement de 1793 : interprétation du comportement électoral},
    booktitle = {Actes du Colloque Les résistances à la Révolution, Rennes 1985},
    publisher = {Imago éd.},
    location = {Paris},
    year = 1987,
    pagetotal = {6},
    language = {français},
    keywords = {inproceedings-crh, crh-1987}
    }

@inproceedings{Ducreux2227-1987,
    author = {Ducreux, Marie-Elisabeth},
    editor = {},
    title = {La mission et et rôle des missionnaires dans les Pays Tchèques au XVIIIe siècle},
    booktitle = {Actes du 109e Congrès des Sociétés Savantes, Section d'Histoire Moderne et Contemporaine, Tome I., Transmettre la Foi, XVIe-XIXe siècles},
    publisher = {},
    location = {Paris},
    year = 1987,
    pagetotal = {16},
    language = {français},
    keywords = {inproceedings-crh, crh-1987}
    }

@inproceedings{Aymard2576-1987,
    author = {Aymard, Maurice},
    editor = {},
    title = {L'Arsenal de Venise : science, expérience et technique dans la construction navale au XVIe siècle},
    booktitle = {Atti del convegno internazionale di studio Giovan Benedetti e il suo tempo},
    publisher = {},
    location = {Venise},
    year = 1987,
    pagetotal = {12},
    language = {français},
    keywords = {inproceedings-crh, crh-1987}
    }

@inproceedings{Alexandre2707-1987,
    author = {Alexandre-Bidon, Danièle and C. Beck-Bossard},
    editor = {},
    title = {Archéologie de l'alimentation en Forez},
    booktitle = {Actes du colloque Les libertés au Moyen âge, Montbrision, 1986},
    publisher = {},
    location = {Montbrision},
    year = 1987,
    pagetotal = {13},
    language = {français},
    keywords = {inproceedings-crh, crh-1987}
    }

@inproceedings{Auffret2738-1987,
    author = {Auffret, Patrick},
    editor = {},
    title = {Le conflit familial et sa représentation},
    booktitle = {Actes du Colloque de Rouen Aux Sources de la Puissance : Sociabilité et Parenté},
    publisher = {Université de Rouen},
    location = {Rouen},
    year = 1987,
    pagetotal = {},
    language = {français},
    keywords = {inproceedings-crh, crh-1987}
    }

@inproceedings{Bergeron2781-1987,
    author = {Bergeron, Louis},
    editor = {},
    title = {Un dictionnaire de biographie sociale : les grands notables du Premier Empire},
    booktitle = {Actes du Colloque de Vizille 1984},
    publisher = {},
    location = {},
    year = 1987,
    pagetotal = {5},
    language = {français},
    keywords = {inproceedings-crh, crh-1987}
    }

@inproceedings{Courbin2942-1987,
    author = {Courbin, Paul},
    editor = {},
    title = {André Leroi-Gourhan et l'archéologie non-préhistorique},
    booktitle = {André Leroi-Gourhan ou les Voies de l'Homme, Actes du colloque C.N.R.S.},
    publisher = {},
    location = {},
    year = 1987,
    pagetotal = {7},
    language = {français},
    keywords = {inproceedings-crh, crh-1987}
    }

@inproceedings{Dupaquier3001-1987,
    author = {Dupaquier, Jacques},
    editor = {},
    title = {Le choix des témoins dans les mariages civils au XIXe siècle},
    booktitle = {Actes du Colloque de Rouen Aux sources de la puissance : sociabilité et parenté},
    publisher = {},
    location = {},
    year = 1987,
    pagetotal = {},
    language = {français},
    keywords = {inproceedings-crh, crh-1987}
    }

@inproceedings{Froeschle3072-1987,
    author = {Froeschle-Chopard, Marie-Hélène and R. Devos},
    editor = {},
    title = {Confréries et Communautés d'habitants en Savoie et en Provence},
    booktitle = {Sociabilité, Pouvoirs et Société. Actes du colloque de Rouen, 24-26 nov. 1983},
    publisher = {Publications de l'université de Rouen},
    location = {Rouen},
    year = 1987,
    pagetotal = {16},
    language = {français},
    keywords = {inproceedings-crh, crh-1987}
    }

@inproceedings{Goy3107-1987,
    author = {Goy, Joseph},
    editor = {},
    title = {Effets et limites de l'essor de l'agriculture nouvelle au dix-huitième siècle},
    booktitle = {VIIe Congrès International des Lumières},
    publisher = {},
    location = {},
    year = 1987,
    pagetotal = {},
    language = {français},
    keywords = {inproceedings-crh, crh-1987}
    }

@inproceedings{Julia3212-1987,
    author = {Julia, Dominique and R. Chartier},
    editor = {},
    title = {L'école : traditions et modernisation},
    booktitle = {Actes du 7e Congrès International des Lumières, Rapports préliminaires},
    publisher = {},
    location = {},
    year = 1987,
    pagetotal = {11},
    language = {français},
    keywords = {inproceedings-crh, crh-1987}
    }

@inproceedings{Piponnier3416-1987,
    author = {Piponnier, Françoise},
    editor = {},
    title = {Pouvoirs et peuplement dans les Monts du Forez : l'exemple d'Essertines},
    booktitle = {Les libertés au Moyen Age, Festival d'histoire de Montbrison, 1986},
    publisher = {},
    location = {Montbrison},
    year = 1987,
    pagetotal = {9},
    language = {français},
    keywords = {inproceedings-crh, crh-1987}
    }

@inproceedings{Beck3464-1987,
    author = {Beck-Bossard, Corinne and D. Alexandre},
    editor = {},
    title = {Archéologie de l'alimentation en Forez},
    booktitle = {Les Libertés au Moyen Age, Montbrison 1986},
    publisher = {},
    location = {Montbrison},
    year = 1987,
    pagetotal = {13},
    language = {français},
    keywords = {inproceedings-crh, crh-1987}
    }

@inproceedings{Chapelot4934-1987,
    author = {Chapelot, Odette},
    editor = {J.Chapelot and H.Galinié and J.Pilet-Lemière},
    title = {Tuiliers bourguignons aux XIVe-XVe siècles, aspects socio-économiques de la production},
    booktitle = {Actes du Ier Congrès International d'Archéologie Médiévale La Céramique (Ve-XIXe). Fabrication, commercialisation, utilisation, Paris 1985},
    publisher = {},
    location = {Caen},
    year = 1987,
    pagetotal = {10},
    language = {français},
    keywords = {inproceedings-crh, crh-1987}
    }

@inproceedings{Descimon5591-1987,
    author = {Descimon, Robert},
    editor = {T.Thelmaon},
    title = {Solidarité communautaire et sociabilité armée : les compagnies de la milice bourgeoise à Paris (XVIe-XVIIe siècles)},
    booktitle = {Actes du Colloque Sociabilité, pouvoirs et société, Rouen, novembre 1983},
    publisher = {Université de Rouen},
    location = {Rouen},
    year = 1987,
    pagetotal = {12},
    language = {français},
    keywords = {inproceedings-crh, crh-1987}
    }

@inreference{Bergeron2780-1987,
    author = {Bergeron, Louis},
    editor = {},
    title = {Archéologie industrielle},
    booktitle = {Encyclopaedia Universalis},
    publisher = {Encyclopaedia Universalis},
    series = {},
    location = {Paris},
    year = 1987,
    pagetotal = {3},
    language = {français},
    keywords = {dict-crh, crh-1987}
    }

@proceedings{Chase2919-1987,
    editor = {Chase, Jane},
    editortype = {dir.},
    title = {Géographie du capital marchand aux Amériques, 1760-1860},
    booktitle = {Géographie du capital marchand aux Amériques, 1760-1860},
    publisher = {EHESS},
    location = {Paris},
    year = 1987,
    pagetotal = {},
    language = {français},
    keywords = {proceedings-crh, crh-1987}
    }

@proceedings{Nahoum3119-1987,
    editor = {Nahoum-Grappe, Véronique and N. Czechowski},
    editortype = {dir.},
    title = {Autrement, Fatale Beauté : une évidence, une énigme},
    booktitle = {Autrement, Fatale Beauté : une évidence, une énigme},
    publisher = {Autrement},
    location = {Paris},
    year = 1987,
    pagetotal = {},
    language = {français},
    keywords = {proceedings-crh, crh-1987}
    }

@proceedings{Green3136-1987,
    editor = {Green, Nancy and A. Benveniste and J. Brody and S. Tasmadjian},
    editortype = {dir.},
    title = {Les quartiers parisiens de l'industrie de l'habillement et les relations pluri-ethniques},
    booktitle = {Les quartiers parisiens de l'industrie de l'habillement et les relations pluri-ethniques},
    publisher = {Ministère de la Culture (MIRE)},
    location = {Paris},
    year = 1987,
    pagetotal = {},
    language = {français},
    keywords = {proceedings-crh, crh-1987}
    }

@collection{Alexandre2708-1987,
    author = {Alexandre-Bidon, Danièle and P. Mane},
    editor = {},
    title = {Evolution du costume populaire au cours du Moyen Age},
    booktitle = {Costume-Coutume. Catalogue de l'exposition au Grand Palais},
    publisher = {},
    location = {Paris},
    year = 1987,
    pagetotal = {3},
    language = {français},
    keywords = {expo-crh, crh-1987}
    }

@collection{Flandrin3038-1987,
    author = {Flandrin, Jean-Louis},
    editor = {},
    title = {L'âge d'or des épices, XIVe-XVe siècles (dans catalogue d'exposition)},
    booktitle = {Parfums de plantes},
    publisher = {Museum d'histoire naturelle},
    location = {Paris},
    year = 1987,
    pagetotal = {4},
    language = {français},
    keywords = {expo-crh, crh-1987}
    }

@collection{Mane3322-1987,
    author = {Mane, Perrine and D. Alexandre-Bidon},
    editor = {},
    title = {Evolution du costume populaire au cours du Moyen Age},
    booktitle = {Costume Coutume, Catalogue d'Exposition},
    publisher = {},
    location = {Paris},
    year = 1987,
    pagetotal = {4},
    language = {français},
    keywords = {expo-crh, crh-1987}
    }

@collection{Piponnier3420-1987,
    author = {Piponnier, Françoise},
    editor = {},
    title = {Le costume paysan à la fin du Moyen Age},
    booktitle = {Costume, Coutume. Catalogue de l'exposition au Grand Palais},
    publisher = {},
    location = {Paris},
    year = 1987,
    pagetotal = {4},
    language = {français},
    keywords = {expo-crh, crh-1987}
    }

@collection{Pomian3429-1987,
    author = {Pomian, Krzysztof},
    editor = {},
    title = {Kultura et son Cercle.},
    booktitle = {Guide de l'exposition à la Bibliothèque polonaise (déc. 1986-janv. 1987)},
    publisher = {Les amis de Kultura},
    location = {Paris},
    year = 1987,
    pagetotal = {63},
    language = {français},
    keywords = {expo-crh, crh-1987}
    }

@incollection{LeGoff3278-1987,
    author = {Le Goff, Jacques},
    editor = {},
    title = {Saint-Louis et la Prière},
    booktitle = {Horizons marins, Itinéraires spirituels (Ve-XIXe siècles)},
    publisher = {},
    location = {},
    year = 1987,
    pagetotal = {10},
    language = {français},
    keywords = {melanges-crh, crh-1987}
    }

@incollection{Pomian5454-1987,
    author = {Pomian, Krzysztof},
    editor = {},
    title = {Trzy modele poznania (Tois modèles de la connaissance},
    booktitle = {Obecnosc. Leszkowi Kolakowskiemu w 60 rocznice urodzin},
    publisher = {},
    location = {Londres},
    year = 1987,
    pagetotal = {},
    language = {polonais},
    keywords = {melanges-crh, crh-1987}
    }

@incollection{Pomian4-1987,
    author = {Pomian, Krzysztof},
    editor = {F.Nuvolari and V.Pavan},
    title = {Museo archeologico : arte, natura, storia},
    booktitle = {Archeologia, architettura},
    publisher = {},
    location = {Venise},
    year = 1987,
    pagetotal = {16},
    language = {italien},
    keywords = {collectif-crh, crh-1987}
    }

@incollection{Pomian27-1987,
    author = {Pomian, Krzysztof},
    editor = {K.Michalski},
    title = {Krize buducnosti (La crise de l'avenir)},
    booktitle = {O krizi},
    publisher = {Novi Sad},
    location = {},
    year = 1987,
    pagetotal = {19},
    language = {polonais},
    keywords = {collectif-crh, crh-1987}
    }

@incollection{Pomian66-1987,
    author = {Pomian, Krzysztof},
    editor = {Ch.Descamps},
    title = {L'état et la démocratie},
    booktitle = {L'interrogation démocratique},
    publisher = {},
    location = {Paris},
    year = 1987,
    pagetotal = {20},
    language = {français},
    keywords = {collectif-crh, crh-1987}
    }

@incollection{Burguiere101-1987,
    author = {Burguiere, André},
    editor = {J. Dupâquier},
    title = {La déstabilisation de la société, 1759-1789},
    booktitle = {L'Histoire de la population française},
    publisher = {PUF},
    location = {Paris},
    year = 1987,
    pagetotal = {19},
    language = {français},
    keywords = {collectif-crh, crh-1987}
    }

@incollection{Ducreux153-1987,
    author = {Ducreux, Marie-Elisabeth},
    editor = {R.Chartier},
    title = {Lire à en mourir : livres et lecteurs en Bohême au XVIIIe siècle},
    booktitle = {Les usages de l'Imprimé},
    publisher = {Fayard},
    location = {Paris},
    year = 1987,
    pagetotal = {51},
    language = {français},
    keywords = {collectif-crh, crh-1987}
    }

@incollection{Bonnain168-1987,
    author = {Bonnain, Rolande},
    editor = {F.Lebrun and N.Seguin},
    title = {Héritage et autorité},
    booktitle = {Société villageoise et rapports villes/campagnes},
    publisher = {},
    location = {Nantes-Trois-Rivières},
    year = 1987,
    pagetotal = {15},
    language = {français},
    keywords = {collectif-crh, crh-1987}
    }

@incollection{Revel222-1987,
    author = {Revel, Jacques},
    editor = {B.Lepetit and J.Hoock},
    title = {Les universités françaises du XVIe au XVIIIe siècles : l'innovation par surcroît ?},
    booktitle = {La ville et l'innovation en Europe, 14e-19e siècles},
    publisher = {EHESS},
    location = {Paris},
    year = 1987,
    pagetotal = {14},
    language = {français},
    keywords = {collectif-crh, crh-1987}
    }

@incollection{Revel224-1987,
    author = {Revel, Jacques},
    editor = {K.Baker},
    title = {Les corps et communautés},
    booktitle = {The Political Culture of the Ancien Regime},
    publisher = {Pergamon Press},
    location = {Oxford/Londres},
    year = 1987,
    pagetotal = {18},
    language = {français},
    keywords = {collectif-crh, crh-1987}
    }

@incollection{Jeannin239-1987,
    author = {Jeannin, Pierre},
    editor = {J. Hoock and B. Lepetit},
    title = {La contribution de l'imprimé à la diffusion du savoir commercial en Europe au XVIe siècle},
    booktitle = {La ville et l'innovation en Europe XIVe-XIXe siècles},
    publisher = {},
    location = {Paris},
    year = 1987,
    pagetotal = {14},
    language = {français},
    keywords = {collectif-crh, crh-1987}
    }

@incollection{Sigaut276-1987,
    author = {Sigaut, François},
    editor = {V.Allezard and B.Hubert},
    title = {L'arbre fourrager en Europe : rôle et évolution des techniques},
    booktitle = {La forêt et l'élevage en région méditerranéenne française, Fourrages},
    publisher = {},
    location = {},
    year = 1987,
    pagetotal = {10},
    language = {français},
    keywords = {collectif-crh, crh-1987}
    }

@incollection{Hartog293-1987,
    author = {Hartog, François},
    editor = {?},
    title = {L'écriture du voyage},
    booktitle = {Michel de Certeau, Cahiers pour un temps},
    publisher = {Centre Georges Pompidou},
    location = {Paris},
    year = 1987,
    pagetotal = {10},
    language = {français},
    keywords = {collectif-crh, crh-1987}
    }

@incollection{Julia325-1987,
    author = {Julia, Dominique},
    editor = {K.M.Baker},
    title = {Les deux puissances : chroniques d'une séparation de corps},
    booktitle = {The French Revolution and the Creation of Modern Political Culture, t. I - The Political Culture of the Old Regime},
    publisher = {Pergamon Press},
    location = {Oxford},
    year = 1987,
    pagetotal = {18},
    language = {français},
    keywords = {collectif-crh, crh-1987}
    }

@incollection{Jorland353-1987,
    author = {Jorland, Gérard},
    editor = {L.Krüger and L.Daston and M.Heidelberger},
    title = {The Saint-Petersbourg Paradox, 1713-1937},
    booktitle = {The Probabilistic Revolution},
    publisher = {MIT Press},
    location = {Boston},
    year = 1987,
    pagetotal = {34},
    language = {anglais},
    keywords = {collectif-crh, crh-1987}
    }

@incollection{Halevi364-1987,
    author = {Halevi, Ran-Yedid},
    editor = {K.M.Baker},
    title = {La monarchie et les élections de 1789},
    booktitle = {The Political Culture of the Old Regime},
    publisher = {Pergamon Press},
    location = {Oxford},
    year = 1987,
    pagetotal = {},
    language = {français},
    keywords = {collectif-crh, crh-1987}
    }

@incollection{Jouhaud382-1987,
    author = {Jouhaud, Christian},
    editor = {M.Yardeni},
    title = {Les mazarinades : propagande et action},
    booktitle = {Idéologie et Propagande en France},
    publisher = {},
    location = {Paris},
    year = 1987,
    pagetotal = {9},
    language = {français},
    keywords = {collectif-crh, crh-1987}
    }

@incollection{Furet432-1987,
    author = {Furet, François},
    editor = {K.Baker},
    title = {La monarchie et le règlement électorial de 1789},
    booktitle = {The Political Culture of the Old Regime},
    publisher = {Pergamon Press},
    location = {Oxford},
    year = 1987,
    pagetotal = {12},
    language = {français},
    keywords = {collectif-crh, crh-1987}
    }

@incollection{Chase442-1987,
    author = {Chase, Jane},
    editor = {J.Chase},
    title = {Crédit à court terme et croissance d'une capitale commerciale : New York, 1786-1820},
    booktitle = {Géographie du capital marchand aux Amériques, 1760-1860},
    publisher = {EHESS},
    location = {Paris},
    year = 1987,
    pagetotal = {29},
    language = {français},
    keywords = {collectif-crh, crh-1987}
    }

@incollection{Fridenson487-1987,
    author = {Fridenson, Patrick},
    editor = {C.Andrieu and L.Le Van and A.Prost},
    title = {Renault : une Régie à la conquête de l'autonomie},
    booktitle = {Les nationalisations de la Libération},
    publisher = {},
    location = {Paris},
    year = 1987,
    pagetotal = {15},
    language = {français},
    keywords = {collectif-crh, crh-1987}
    }

@incollection{Fridenson490-1987,
    author = {Fridenson, Patrick},
    editor = {T.C.Baker},
    title = {Some economic and social effects of motor vehicles in France since 1890},
    booktitle = {The economic and social effects of the spread of motor vehicles},
    publisher = {},
    location = {Paris},
    year = 1987,
    pagetotal = {18},
    language = {anglais},
    keywords = {collectif-crh, crh-1987}
    }

@incollection{Klapisch729-1987,
    author = {Klapisch-Zuber, Christiane},
    editor = {J.Le Goff},
    title = {La donna e la famiglia},
    booktitle = {L'Uomo medievale},
    publisher = {},
    location = {Bari},
    year = 1987,
    pagetotal = {31},
    language = {italien},
    keywords = {collectif-crh, crh-1987}
    }

@incollection{Chartier734-1987,
    author = {Chartier, Roger},
    editor = {D.D.Hall and J.B.Hench},
    title = {A comment on Mr. Grimsteed's Paper},
    booktitle = {Needs and Opportunities in the History of the Book : America, 1639-1876},
    publisher = {American Antiquarian Society},
    location = {Worcester},
    year = 1987,
    pagetotal = {7},
    language = {anglais},
    keywords = {collectif-crh, crh-1987}
    }

@incollection{Flandrin773-1987,
    author = {Flandrin, Jean-Louis},
    editor = {Dedalo},
    title = {E il burro conquisto la Francia},
    booktitle = {La cucina e la tavola. Storia di 5000 anni di gastronomia},
    publisher = {},
    location = {Bari},
    year = 1987,
    pagetotal = {10},
    language = {italien},
    keywords = {collectif-crh, crh-1987}
    }

@incollection{Chartier782-1987,
    author = {Chartier, Roger},
    editor = {R. Chartier},
    title = {La culture de l'imprimé},
    booktitle = {Les usages de l'imprimé (XVe-XIXe siècles},
    publisher = {Fayard},
    location = {Paris},
    year = 1987,
    pagetotal = {15},
    language = {français},
    keywords = {collectif-crh, crh-1987}
    }

@incollection{Chartier796-1987,
    author = {Chartier, Roger},
    editor = {Ulrich Raulff},
    title = {Intellektuelle Geschichte und geschichte der Mentalitäten},
    booktitle = {Mentalitäten-Geschichte. Zur historischen Rekonstruktion geistiger Prozesse},
    publisher = {Verlag Klaus Wagenbach},
    location = {Berlin},
    year = 1987,
    pagetotal = {28},
    language = {allemand},
    keywords = {collectif-crh, crh-1987}
    }

@incollection{Schmitt804-1987,
    author = {Schmitt, Jean-Claude},
    editor = {N. Lossky and F. Boespflug},
    title = {L'Occident. Nicée II et les images},
    booktitle = {Nicée II, 787-1987. Douze siècles d'images religieuses},
    publisher = {Cerf},
    location = {Paris},
    year = 1987,
    pagetotal = {31},
    language = {français},
    keywords = {collectif-crh, crh-1987}
    }

@incollection{Schmitt809-1987,
    author = {Schmitt, Jean-Claude},
    editor = {M. Giacomarra and E. Marchetta},
    title = {Mythes et histoire dans l'Occident médiéval},
    booktitle = {Quarderni del Circolo Semiologico Siciliano},
    publisher = {},
    location = {},
    year = 1987,
    pagetotal = {10},
    language = {français},
    keywords = {collectif-crh, crh-1987}
    }

@incollection{Chartier825-1987,
    author = {Chartier, Roger},
    editor = {?},
    title = {Histoire intellectuelle et histoire des mentalités. Trajectoires et questions},
    booktitle = {La sensibilité dans l'histoire},
    publisher = {Gérard Montfort},
    location = {Saint-Pierre de Salerne},
    year = 1987,
    pagetotal = {31},
    language = {français},
    keywords = {collectif-crh, crh-1987}
    }

@incollection{Daumard832-1987,
    author = {Daumard, Adeline},
    editor = {E.François},
    title = {La vie de salon en France dans la première moitié du XIXe siècle},
    booktitle = {Sociabilité et société bourgeoise en France, en Allemagne et en Suisse (1750-1850)},
    publisher = {Editions de la recherche sur les civilisations},
    location = {Paris},
    year = 1987,
    pagetotal = {13},
    language = {français},
    keywords = {collectif-crh, crh-1987}
    }

@incollection{Chartier842-1987,
    author = {Chartier, Roger},
    editor = {R. Chartier},
    title = {Du rituel au for privé : les chartes de mariage lyonnaises au XVIIe siècle},
    booktitle = {Les usages de l'imprimé (XVe-XIXe siècles},
    publisher = {Fayard},
    location = {Paris},
    year = 1987,
    pagetotal = {23},
    language = {français},
    keywords = {collectif-crh, crh-1987}
    }

@incollection{Chartier847-1987,
    author = {Chartier, Roger},
    editor = {K.M.Baker},
    title = {Culture populaire et culture politique dans l'Ancien Régime : quelques réflexions},
    booktitle = {The French Revolution and the Creation of Modern Political Culture},
    publisher = {pergamon Press},
    location = {Oxford},
    year = 1987,
    pagetotal = {16},
    language = {français},
    keywords = {collectif-crh, crh-1987}
    }

@incollection{Chartier848-1987,
    author = {Chartier, Roger},
    editor = {R. Chartier},
    title = {La pendue miraculeusement sauvée. Etude d'un occasionnel},
    booktitle = {Les usages de l'imprimé (XVe-XIXe siècles},
    publisher = {Fayard},
    location = {Paris},
    year = 1987,
    pagetotal = {46},
    language = {français},
    keywords = {collectif-crh, crh-1987}
    }

@incollection{Chartier862-1987,
    author = {Chartier, Roger},
    editor = {?},
    title = {L'histoire ou le savoir de l'autre},
    booktitle = {Michel de Certeau, Cahiers pour un temps},
    publisher = {Centre G.Pompidou},
    location = {Paris},
    year = 1987,
    pagetotal = {},
    language = {français},
    keywords = {collectif-crh, crh-1987}
    }

@incollection{Chartier864-1987,
    author = {Chartier, Roger},
    editor = {P.Ariès and R.Chartier},
    title = {Le prattiche della scrittura},
    booktitle = {La vita privata dal Rinascimento all'Illuminismo},
    publisher = {Laterza},
    location = {Bari},
    year = 1987,
    pagetotal = {},
    language = {italien},
    keywords = {collectif-crh, crh-1987}
    }

@incollection{Scherrer1705-1987,
    author = {Scherrer, Jutta},
    editor = {Iring Fetscher and Herfried Münkler},
    title = {Politische Ideen im vorrevolutionären und revolutionären Russland},
    booktitle = {Pipers Handbuch der politischen Ideen},
    publisher = {},
    location = {Munich},
    year = 1987,
    pagetotal = {80},
    language = {allemand},
    keywords = {collectif-crh, crh-1987}
    }

@incollection{Scherrer1785-1987,
    author = {Scherrer, Jutta},
    editor = {E.E.Etking and G.Nivat and I.Serman and V.Strada},
    title = {La quête philosophico-religieuse en Russie au début du XXe siècle},
    booktitle = {Histoire de la littérature russe, le XXe siècle},
    publisher = {Fayard},
    location = {Paris},
    year = 1987,
    pagetotal = {32},
    language = {français},
    keywords = {collectif-crh, crh-1987}
    }

@incollection{Aymard2529-1987,
    author = {Aymard, Maurice},
    editor = {M.Aymard and G.Giarrizzo},
    title = {Economia e sociétà : uno sguardo d'insieme},
    booktitle = {Storia d'Italia. Le Regioni dall'Unità ad'oggi : La Sicilia},
    publisher = {Einaudi},
    location = {Turin},
    year = 1987,
    pagetotal = {33},
    language = {italien},
    keywords = {collectif-crh, crh-1987}
    }

@incollection{Andreau2724-1987,
    author = {Andreau, Jean},
    editor = {?},
    title = {L'espace de la vie financière à Rome},
    booktitle = {L'Urbs, espace urbain et histoire (Ier s. av. J.-C.-IIIe s. ap. J.-C.},
    publisher = {},
    location = {Rome},
    year = 1987,
    pagetotal = {18},
    language = {français},
    keywords = {collectif-crh, crh-1987}
    }

@incollection{Bardet2747-1987,
    author = {Bardet, Jean-Pierre},
    editor = {J.-P. Bardet and M. Jeorger).},
    title = {L'enfant abandonné},
    booktitle = {H.E.S.},
    publisher = {},
    location = {},
    year = 1987,
    pagetotal = {142},
    language = {français},
    keywords = {collectif-crh, crh-1987}
    }

@incollection{Baulant2755-1987,
    author = {Baulant, Micheline},
    editor = {?},
    title = {Marchand rural, marché urbain. Le commerce de distribution en Brie au XVIIe et XVIIIe siècles},
    booktitle = {Sociétés villageoises et rapports villes-campagnes au Québec et dans la France de l'Ouest XVIIe-XXe siècles},
    publisher = {},
    location = {Trois-Rivières},
    year = 1987,
    pagetotal = {8},
    language = {français},
    keywords = {collectif-crh, crh-1987}
    }

@incollection{Braunstein2846-1987,
    author = {Braunstein, Philippe},
    editor = {G.Cozzi},
    title = {Le prêt sur gages à Padoue et dans le Padouan au milieu du XVe siècle},
    booktitle = {Gli Ebrei e Venezia},
    publisher = {},
    location = {Milan},
    year = 1987,
    pagetotal = {19},
    language = {français},
    keywords = {collectif-crh, crh-1987}
    }

@incollection{Braunstein2847-1987,
    author = {Braunstein, Philippe},
    editor = {?},
    title = {Le fer en Bourgogne à la fin du Moyen Age},
    booktitle = {Bourgogne Médiévale. La mémoire du sol : vingt ans de recherches archéologiques},
    publisher = {Ministère de la culture et conseil régional},
    location = {Mâcon},
    year = 1987,
    pagetotal = {3},
    language = {français},
    keywords = {collectif-crh, crh-1987}
    }

@incollection{Chartier2885-1987,
    author = {Chartier, Roger},
    editor = {?},
    title = {Textes, imprimés, lectures},
    booktitle = {Problematicas em Historia Cultural},
    publisher = {Facultade de letras do Porto, Instituto de cultura portuguesa},
    location = {Porto},
    year = 1987,
    pagetotal = {15},
    language = {français},
    keywords = {collectif-crh, crh-1987}
    }

@incollection{Daumard2947-1987,
    author = {Daumard, Adeline},
    editor = {?},
    title = {De l'histoire sociale comparative et quantitative à l'histoire comparée},
    booktitle = {Sociedade Brasileira de Pesquissa Historica, Anais da VI reuniao},
    publisher = {},
    location = {Sao Paulo},
    year = 1987,
    pagetotal = {8},
    language = {français},
    keywords = {collectif-crh, crh-1987}
    }

@incollection{Desaive2979-1987,
    author = {Desaive, Jean-Paul},
    editor = {?},
    title = {La Vallée d'Aillant},
    booktitle = {Guide bleu Bourgogne},
    publisher = {Hachette},
    location = {Paris},
    year = 1987,
    pagetotal = {5},
    language = {français},
    keywords = {collectif-crh, crh-1987}
    }

@incollection{Fauve3022-1987,
    author = {Fauve-Chamoux, Antoinette},
    editor = {?},
    title = {Société rurale et comportement démographique différentiel : le cas de la France (XVIIe-XVIIIe siècles)},
    booktitle = {La population des campagnes italiennes},
    publisher = {},
    location = {Turin},
    year = 1987,
    pagetotal = {},
    language = {français},
    keywords = {collectif-crh, crh-1987}
    }

@incollection{Flandrin3037-1987,
    author = {Flandrin, Jean-Louis},
    editor = {Dedalo},
    title = {Per une storia del gusto},
    booktitle = {La cucina e la tavola, Storia di 5000 anni di gastronomia},
    publisher = {},
    location = {Bari},
    year = 1987,
    pagetotal = {16},
    language = {italien},
    keywords = {collectif-crh, crh-1987}
    }

@incollection{Goubert3097-1987,
    author = {Goubert, Jean-Pierre},
    editor = {A.Retel-Laurentin},
    title = {Introduction d'une approche aux sciences sociales dans une faculté de médecine parisienne},
    booktitle = {Etiologie et perception de la maladie dans les sociétés modernes et traditionnelles},
    publisher = {},
    location = {Paris},
    year = 1987,
    pagetotal = {3},
    language = {français},
    keywords = {collectif-crh, crh-1987}
    }

@incollection{Guillou3162-1987,
    author = {Guillou, André},
    editor = {?},
    title = {L'ispezione compiuta dall'ex console leonzio nell'Italia bizantina. Il controllo delle finanze statali nell'impero bizantino alla fine del secolo VI},
    booktitle = {Scuole, diritto e società nel Mezzogiorno medievale d'Italia},
    publisher = {},
    location = {Catane},
    year = 1987,
    pagetotal = {47},
    language = {italien},
    keywords = {collectif-crh, crh-1987}
    }

@incollection{Lepetit3311-1987,
    author = {Lepetit, Bernard},
    editor = {J.-P. Poussou and Ph. Loupès},
    title = {Les petites villes françaises sous le Premier Empire : les enquêtes sur la population agglomérée revisitées},
    booktitle = {Les petites villes du Moyen Age à nos jours},
    publisher = {},
    location = {},
    year = 1987,
    pagetotal = {14},
    language = {français},
    keywords = {collectif-crh, crh-1987}
    }

@incollection{Lepetit3312-1987,
    author = {Lepetit, Bernard},
    editor = {F. Barbier and Ph. Guinet},
    title = {Structures urbaines dans la France du Nord à la fin de l'Ancien Régime : l'originalité d'un modèle},
    booktitle = {Livres et Lumières dans les Pays-Bas de la Contre-Réforme à la Révolution},
    publisher = {},
    location = {},
    year = 1987,
    pagetotal = {5},
    language = {français},
    keywords = {collectif-crh, crh-1987}
    }

@incollection{Lepetit3314-1987,
    author = {Lepetit, Bernard},
    editor = {?},
    title = {La micro-histoire. Une vue de l'extérieur},
    booktitle = {Problèmes et objets de la Recherche en Sciences Sociales},
    publisher = {},
    location = {},
    year = 1987,
    pagetotal = {14},
    language = {français},
    keywords = {collectif-crh, crh-1987}
    }

@incollection{Ozouf3360-1987,
    author = {Ozouf, Mona},
    editor = {K.Baker},
    title = {L'opinion publique},
    booktitle = {The French Revolution and the Creation of Modern Political Culture},
    publisher = {Pergamon Press},
    location = {Oxford},
    year = 1987,
    pagetotal = {},
    language = {français},
    keywords = {collectif-crh, crh-1987}
    }

@incollection{Pestre3385-1987,
    author = {Pestre, Dominique},
    editor = {?},
    title = {Raoul Dautry et le nucléaire français},
    booktitle = {Raoul Dautry, la naissance d'une pensée technique, 1880-1950},
    publisher = {Institut français d'architecture},
    location = {Paris},
    year = 1987,
    pagetotal = {7},
    language = {français},
    keywords = {collectif-crh, crh-1987}
    }

@incollection{Piponnier3417-1987,
    author = {Piponnier, Françoise},
    editor = {?},
    title = {Le mobilier archéologique, activité et genre de vie},
    booktitle = {Bourgogne médiévale, la mémoire du sol, 20 ans de recherches archéologiques},
    publisher = {},
    location = {Dijon},
    year = 1987,
    pagetotal = {8},
    language = {français},
    keywords = {collectif-crh, crh-1987}
    }

@incollection{Schnapper3554-1987,
    author = {Schnapper, Dominique and R. Leveau},
    editor = {A.Prost and G.Vincent},
    title = {Etre immigré en France},
    booktitle = {Histoire de la vie privée, vol.V},
    publisher = {Seuil},
    location = {Paris},
    year = 1987,
    pagetotal = {35},
    language = {français},
    keywords = {collectif-crh, crh-1987}
    }

@incollection{Schnapper3555-1987,
    author = {Schnapper, Dominique},
    editor = {S.N.Eisenstast},
    title = {The Jews and political Modernity in France},
    booktitle = {Patterns of Modernity},
    publisher = {Frances Pinter},
    location = {},
    year = 1987,
    pagetotal = {16},
    language = {anglais},
    keywords = {collectif-crh, crh-1987}
    }

@incollection{Sigaut3576-1987,
    author = {Sigaut, François},
    editor = {B. Koechlin and Al.},
    title = {Les champs flottants existent-ils ? ou les dangers de la prudence},
    booktitle = {De la voûte céleste au terroir...},
    publisher = {},
    location = {},
    year = 1987,
    pagetotal = {10},
    language = {français},
    keywords = {collectif-crh, crh-1987}
    }

@incollection{Valensi3594-1987,
    author = {Valensi, Lucette},
    editor = {J.Halpérin and G.Lévitt},
    title = {Comment les juifs d'Afrique du Nord ont-ils vu leurs voisins musulmans ?},
    booktitle = {Les soixante-dix nations},
    publisher = {Denoël},
    location = {Paris},
    year = 1987,
    pagetotal = {16},
    language = {français},
    keywords = {collectif-crh, crh-1987}
    }

@incollection{Velay3600-1987,
    author = {Velay-Vallantin, Catherine},
    editor = {R.Chartier},
    title = {Le miroir des contes. Perrault dans les Bibliothèques bleues},
    booktitle = {Les usages de l'imprimé},
    publisher = {Fayard},
    location = {Paris},
    year = 1987,
    pagetotal = {57},
    language = {français},
    keywords = {collectif-crh, crh-1987}
    }

@incollection{Velay3601-1987,
    author = {Velay-Vallantin, Catherine},
    editor = {?},
    title = {Le conteur et les éditeurs : lectures des Contes de Perrault au XVIIIe siècle},
    booktitle = {Les contes de Perrault. La contestation et ses limites. Furetière},
    publisher = {},
    location = {Paris/Seattle/Tübingen},
    year = 1987,
    pagetotal = {14},
    language = {français},
    keywords = {collectif-crh, crh-1987}
    }

@incollection{Reberioux5319-1987,
    author = {Reberioux, Madeleine},
    editor = {K.Burlen},
    title = {Un milieu socialiste à la veille de la Grande Guerre : Henri Sellier et le réformisme d'Albert Thomas},
    booktitle = {La Banlieue-oasis},
    publisher = {Presses universitaires de Vincennes},
    location = {Vincennes},
    year = 1987,
    pagetotal = {},
    language = {français},
    keywords = {collectif-crh, crh-1987}
    }

@incollection{Braunstein5453-1987,
    author = {Braunstein, Philippe},
    editor = {?},
    title = {Erscheinungsformen einer Kollektividentität : die Bewohner des Fondaco dei Tedeschi in Venedig (12.-17. Jahrhundert)},
    booktitle = {Hochfinanz, Wirtschaftsräume, Innovationen, Festschrift für wolfgang von Stromer},
    publisher = {},
    location = {Trèves},
    year = 1987,
    pagetotal = {10},
    language = {allemand},
    keywords = {collectif-crh, crh-1987}
    }

@incollection{Braunstein5535-1987,
    author = {Braunstein, Philippe},
    editor = {H.Dubois and J.C.Hoquet and A.Vauchez},
    title = {La capture d'une coque vénitienne sur la route de Flandre au début du XVe siècle},
    booktitle = {Horizons marins, itinéraires spirituels (Ve-XVIIIe siècles},
    publisher = {},
    location = {Paris},
    year = 1987,
    pagetotal = {13},
    language = {français},
    keywords = {collectif-crh, crh-1987}
    }

@incollection{Fauve3023-1987,
    author = {Fauve-Chamoux, Antoinette},
    editor = {A.Fauve-Chamoux},
    title = {introduction},
    booktitle = {Colloque Evolution agraire et croissance démographique},
    publisher = {Derouaux-Ordina},
    location = {Liège},
    year = 1987,
    pagetotal = {12},
    language = {français},
    keywords = {intro-book-crh, crh-1987}
    }

@incollection{Pomian3442-1987,
    author = {Pomian, Krzysztof},
    editor = {},
    title = {Préface},
    booktitle = {Polacy na Ukrainie 1831-1863 (le serf, le noble et le révisor},
    publisher = {},
    location = {Paris},
    year = 1987,
    pagetotal = {6},
    language = {polonais},
    keywords = {preface-book-crh, crh-1987}
    }

@incollection{Schmitt3531-1987,
    author = {Schmitt, Jean-Claude},
    editor = {},
    title = {Préface à la traduction anglaise},
    booktitle = {The Margins of Society},
    publisher = {},
    location = {Oxford},
    year = 1987,
    pagetotal = {5},
    language = {anglais},
    keywords = {preface-book-crh, crh-1987}
    }

@book{Sigaut3577-1987,
    author = {Sigaut, François},
    title = {La technologie science humaine},
    publisher = {MSH},
    series = {},
    location = {Paris},
    year = 1987,
    pagetotal = {26},
    language = {français},
    % addendum = {Haudricourt et la technologie, préface},
    keywords = {edition-txt-crh, crh-1987}
    }

@book{Valensi3592-1987,
    author = {Valensi, Lucette},
    title = {Voyage dans les Régences de Tunis et d'Alger},
    publisher = {La découverte},
    series = {},
    location = {Paris},
    year = 1987,
    pagetotal = {},
    language = {français},
    % addendum = {Introduction},
    keywords = {edition-txt-crh, crh-1987}
    }

@book{Andreau2722-1987,
    author = {Andreau, Jean},
    title = {traduction et introduction},
    publisher = {},
    series = {},
    location = {Paris},
    year = 1987,
    pagetotal = {9},
    language = {français},
    keywords = {traduction-crh, crh-1987}
    }

@book{Chartier2884-1987,
    author = {Chartier, Roger},
    editor = {},
    title = {The Cultural Uses of Print in Early Modern France},
    publisher = {Princeton University Press},
    series = {},
    location = {Princeton},
    year = 1987,
    pagetotal = {},
    language = {anglais},
    addendum = {réédition},
    keywords = {reedition-crh, crh-1987}
    }

@book{Ferro3028-1987,
    author = {Ferro, Marc},
    editor = {},
    title = {L'histoire sous surveillance : science et conscience de l'histoire},
    publisher = {Gallimard},
    series = {coll. Folio},
    location = {Paris},
    year = 1987,
    pagetotal = {},
    language = {français},
    addendum = {réédition},
    keywords = {reedition-crh, crh-1987}
    }

@book{Jeannin3185-1987,
    author = {Jeannin, Pierre},
    editor = {},
    title = {L'Europe du Nord et du Nord-Ouest au XVIIe et XVIIIe siècles},
    publisher = {PUF (Nouvelle Clio)},
    series = {},
    location = {Paris},
    year = 1987,
    pagetotal = {},
    language = {français},
    addendum = {réédition},
    keywords = {reedition-crh, crh-1987}
    }

@book{Jouhaud3197-1987,
    author = {Jouhaud, Christian},
    editor = {R.Chartier},
    title = {Lisibilité et persuasion : les placards politiques (traduction anglaise)},
    publisher = {Polity Press},
    series = {},
    location = {Cambridge},
    year = 1987,
    pagetotal = {34},
    language = {français},
    addendum = {réédition},
    keywords = {reedition-crh, crh-1987}
    }

@book{Jouhaud3198-1987,
    author = {Jouhaud, Christian},
    editor = {R.Chartier},
    title = {Imprimer l'événement : La Rochelle à Paris (traduction anglaise)},
    publisher = {Polity Press},
    series = {},
    location = {Cambridge},
    year = 1987,
    pagetotal = {58},
    language = {anglais},
    addendum = {réédition},
    keywords = {reedition-crh, crh-1987}
    }

@incollection{Julia3211-1987,
    author = {Julia, Dominique and H. Bertrand and S. Bonnain and A. Laclau},
    editor = {},
    title = {L'enseignement 1760-1815},
    booktitle = {Atlas de la Révolution, fascilule 2: l'enseignement 1760-1815},
    publisher = {EHESS},
    series = {},
    location = {Paris},
    year = 1987,
    pagetotal = {},
    language = {français},
    keywords = {outil-recherche-crh, crh-1987}
    }

@incollection{Lepetit3310-1987,
    author = {Lepetit, Bernard and G. Arbellot and J. Bertrand},
    editor = {},
    title = {Routes et communications},
    booktitle = {Atlas de la Révolution française. 1 - Routes et communications},
    publisher = {EHESS},
    series = {},
    location = {Paris},
    year = 1987,
    pagetotal = {},
    language = {français},
    keywords = {outil-recherche-crh, crh-1987}
    }

@misc{Flandrin3036-1987,
    author = {Flandrin, Jean-Louis},
    title = {Cooking, Cuisine and Classes de Jack Goody},
    year = 1987,
    language = {anglais},
    addendum = {compte-rendu},
    keywords = {cr-crh, crh-1987}
    }

