@article{Pomian51-1988,
    author = {Pomian, Krzysztof},
    title = {Dissident},
    journal = {Le Débat},
    year = 1988,
    language = {français},
    keywords = {art-crh, crh-1988}
    }

@article{Alexandre2710-1988,
    author = {Alexandre-Bidon, Danièle},
    title = {Folklore, fêtes et traditions populaires de Noël et du Premier de l'An (XIV-XVe s.)},
    journal = {RAZO},
    year = 1988,
    language = {français},
    keywords = {art-crh, crh-1988}
    }

@article{Andreau2729-1988,
    author = {Andreau, Jean},
    title = {Et Auguste créa l'Etat romain...},
    journal = {L'Histoire},
    year = 1988,
    language = {français},
    keywords = {art-crh, crh-1988}
    }

@article{Bardet2748-1988,
    author = {Bardet, Jean-Pierre},
    title = {Comparaison des tendances et caractéristiques principales de l'évolution démographique en France et en Allemagne},
    journal = {Revue et documents du C.I.R.A.C.},
    year = 1988,
    language = {français},
    keywords = {art-crh, crh-1988}
    }

@article{Benoit2773-1988,
    author = {Benoit, Serge and B. Rignault},
    title = {Le patrimoine sidérurgique du châtillonnais},
    journal = {Mémoires de la Commission des Antiquités du Département de la Côte d'Or},
    year = 1988,
    language = {français},
    keywords = {art-crh, crh-1988}
    }

@article{Bergeron2784-1988,
    author = {Bergeron, Louis},
    title = {Hier l'argent était un péché, aujourd'hui il est une vertu},
    journal = {Le Temps Stratégique},
    year = 1988,
    language = {français},
    keywords = {art-crh, crh-1988}
    }

@article{Berlioz2794-1988,
    author = {Berlioz, Jacques},
    title = {1789 : le doyen des Français monte à Paris},
    journal = {L'Histoire},
    year = 1988,
    language = {français},
    keywords = {art-crh, crh-1988}
    }

@article{Berlioz2795-1988,
    author = {Berlioz, Jacques},
    title = {L'histoire des catastrophes au service de la prévention},
    journal = {Aménagement et nature},
    year = 1988,
    language = {français},
    keywords = {art-crh, crh-1988}
    }

@article{Berlioz2796-1988,
    author = {Berlioz, Jacques},
    title = {Un processo per eresia nella Francia del XIII secolo. Il rogo del Mont-Aimé},
    journal = {Storia e dossier},
    year = 1988,
    language = {italien},
    keywords = {art-crh, crh-1988}
    }

@article{Berlioz2797-1988,
    author = {Berlioz, Jacques},
    title = {Béziers, 22 juillet 1209 : 'Massacrez-les, car le Seigneur connaît les siens'. Notes sur un mot historique controversé},
    journal = {Etudes sur l'Hérault},
    year = 1988,
    language = {français},
    keywords = {art-crh, crh-1988}
    }

@article{Berlioz2798-1988,
    author = {Berlioz, Jacques},
    title = {La lactation de Saint Bernard dans un <Vvi>exemplum</Vvi> et une miniature du <Vvi>Ci nous dit</Vvi> (début du XIVe siècle)},
    journal = {Cîteaux, Commentarii cistercienses},
    year = 1988,
    language = {français},
    keywords = {art-crh, crh-1988}
    }

@article{Berthe2811-1988,
    author = {Berthe, Jean-Pierre},
    title = {L'Evangile et l'outil : le changement technique dans un village indien du Mexique au XVIe siècle},
    journal = {Techniques et Culture},
    year = 1988,
    language = {français},
    keywords = {art-crh, crh-1988}
    }

@article{Bourdelais2823-1988,
    author = {Bourdelais, Patrice},
    title = {Varosi jarvany-e a kolera},
    journal = {Vilagtortenet},
    year = 1988,
    language = {hongrois},
    keywords = {art-crh, crh-1988}
    }

@article{Brabant2835-1988,
    author = {Brabant, Eva},
    title = {Par-delà le jardin du mage},
    journal = {Le silence noir},
    year = 1988,
    language = {français},
    keywords = {art-crh, crh-1988}
    }

@article{Brabant2836-1988,
    author = {Brabant, Eva},
    title = {Le deuil et le renouveau},
    journal = {Revue Internationale d'Histoire de la Psychanalyse},
    year = 1988,
    language = {français},
    keywords = {art-crh, crh-1988}
    }

@article{Brabant2837-1988,
    author = {Brabant, Eva},
    title = {En marge du Congrès de Psychanalyse à Budapest},
    journal = {Le Coq Héron},
    year = 1988,
    language = {français},
    keywords = {art-crh, crh-1988}
    }

@article{Braunstein2849-1988,
    author = {Braunstein, Philippe},
    title = {A proposito di società urbane e rurali},
    journal = {Nuova Rivista Storica},
    year = 1988,
    language = {italien},
    keywords = {art-crh, crh-1988}
    }

@article{Braunstein2850-1988,
    author = {Braunstein, Philippe},
    title = {De la montagne à Venise : les réseaux du bois au XVe siècle},
    journal = {Mélanges de l'Ecole Française de Rome},
    year = 1988,
    language = {français},
    keywords = {art-crh, crh-1988}
    }

@article{Bruhns2854-1988,
    author = {Bruhns, Hinnerk},
    title = {Ville et Etat chez Max Weber},
    journal = {Les Annales de la Recherche Urbaine},
    year = 1988,
    language = {français},
    keywords = {art-crh, crh-1988}
    }

@article{Chartier2900-1988,
    author = {Chartier, Roger},
    title = {Autour de l'histoire. Débat avec L. Giard, J. Roman et J. Bollack},
    journal = {Esprit},
    year = 1988,
    language = {français},
    keywords = {art-crh, crh-1988}
    }

@article{Chartier2901-1988,
    author = {Chartier, Roger},
    title = {Pratiques culturelles et représentations},
    journal = {Lichiko},
    year = 1988,
    language = {japonais},
    keywords = {art-crh, crh-1988}
    }

@article{Chase2920-1988,
    author = {Chase, Jane},
    title = {La répartition des immigrants et l'organisation de l'espace au Nord-Est des Etats-Unis en 1813},
    journal = {Annales E.S.C.},
    year = 1988,
    language = {français},
    keywords = {art-crh, crh-1988}
    }

@article{Chase2921-1988,
    author = {Chase, Jane},
    title = {War on Trade and Trade in War : Stephen Jumel and New York Maritime Commerce, 1795-1819},
    journal = {Bulletin du Centre d'Histoire des Espaces Atlantiques},
    year = 1988,
    language = {anglais},
    keywords = {art-crh, crh-1988}
    }

@article{Chaussinand2930-1988,
    author = {Chaussinand-Nogaret, Guy},
    title = {Le refus de la Révolution},
    journal = {L'Histoire},
    year = 1988,
    language = {français},
    keywords = {art-crh, crh-1988}
    }

@article{Courbin2943-1988,
    author = {Courbin, Paul},
    title = {La Fouille du Sras-Srang},
    journal = {Collection de Textes et Documents sur l'Indochine},
    year = 1988,
    language = {français},
    keywords = {art-crh, crh-1988}
    }

@article{Daumard2948-1988,
    author = {Daumard, Adeline},
    title = {L'histoire sociale comparative et quantitative à l'histoire comparée},
    journal = {Cahiers internationaux d'Histoire économique et sociale},
    year = 1988,
    language = {français},
    keywords = {art-crh, crh-1988}
    }

@article{Derouet2971-1988,
    author = {Derouet, Bernard},
    title = {Permanence des pratiques successorales et systèmes agraires : le cas de la France au XIXe siècle},
    journal = {Mélanges de l'Ecole Française de Rome},
    year = 1988,
    language = {français},
    keywords = {art-crh, crh-1988}
    }

@article{Ducreux2985-1988,
    author = {Ducreux, Marie-Elisabeth},
    title = {La reconquête catholique de l'espace bohémien},
    journal = {Revue des Etudes Slaves},
    year = 1988,
    language = {français},
    keywords = {art-crh, crh-1988}
    }

@article{Dupaquier2994-1988,
    author = {Dupaquier, Jacques},
    title = {Démographie et identité régionale},
    journal = {Revue des sciences morales et politiques},
    year = 1988,
    language = {français},
    keywords = {art-crh, crh-1988}
    }

@article{Dupaquier2995-1988,
    author = {Dupaquier, Jacques},
    title = {La dynamique démographique de la France de l'Ouest},
    journal = {Norois},
    year = 1988,
    language = {français},
    keywords = {art-crh, crh-1988}
    }

@article{Dupaquier2996-1988,
    author = {Dupaquier, Jacques},
    title = {Le jansénisme dans le Vexin français},
    journal = {Bulletin de la Société d'histoire de Paris et de l'Ile de France},
    year = 1988,
    language = {français},
    keywords = {art-crh, crh-1988}
    }

@article{Elboudrari3006-1988,
    author = {Elboudrari, Hassan},
    title = {L'Islam maghrébin},
    journal = {Atlas des Religions},
    year = 1988,
    language = {français},
    keywords = {art-crh, crh-1988}
    }

@article{Farge3013-1988,
    author = {Farge, Arlette},
    title = {La violence, les femmes et le sang au XVIIIe siècle},
    journal = {Mentalités, Affaires de sang},
    year = 1988,
    language = {français},
    keywords = {art-crh, crh-1988}
    }

@article{Flandrin3039-1988,
    author = {Flandrin, Jean-Louis},
    title = {Nos ancêtres ? Ils ne se gavaient pas de graisses comme nous},
    journal = {Le temps stratégique},
    year = 1988,
    language = {français},
    keywords = {art-crh, crh-1988}
    }

@article{Flandrin3040-1988,
    author = {Flandrin, Jean-Louis},
    title = {Carnets de recettes de George Sand},
    journal = {L'Histoire},
    year = 1988,
    language = {français},
    keywords = {art-crh, crh-1988}
    }

@article{Fontanon3052-1988,
    author = {Fontanon, Claudine},
    title = {L'échec du projet industriel sur les terrains de Perrache (1826-1832)},
    journal = {History and Technology},
    year = 1988,
    language = {français},
    keywords = {art-crh, crh-1988}
    }

@article{Fridenson3059-1988,
    author = {Fridenson, Patrick},
    title = {Les expériences de la rationalisation dans la France des années 1920},
    journal = {Sciences sociales et santé},
    year = 1988,
    language = {français},
    keywords = {art-crh, crh-1988}
    }

@article{Fridenson3060-1988,
    author = {Fridenson, Patrick},
    title = {Présentation de : La France et l'aéronautique, Mouvement Social},
    journal = {Le Mouvement Social},
    year = 1988,
    language = {français},
    keywords = {art-crh, crh-1988}
    }

@article{Fridenson3061-1988,
    author = {Fridenson, Patrick},
    title = {Présentation de : Les racines de l'entreprise, Revue Française de Gestion},
    journal = {Revue française de gestion},
    year = 1988,
    language = {français},
    keywords = {art-crh, crh-1988}
    }

@article{Fridenson3062-1988,
    author = {Fridenson, Patrick},
    title = {Genèse de l'innovation : la 2CV Citroën},
    journal = {Revue Française de Gestion},
    year = 1988,
    language = {français},
    keywords = {art-crh, crh-1988}
    }

@article{Goubert3102-1988,
    author = {Goubert, Jean-Pierre},
    title = {L'invisible quotidien ou le braconnier à son travail},
    journal = {Milieux},
    year = 1988,
    language = {français},
    keywords = {art-crh, crh-1988}
    }

@article{Goy3109-1988,
    author = {Goy, Joseph},
    title = {La Révolution Française et la famille},
    journal = {Histoire de la population française},
    year = 1988,
    language = {français},
    keywords = {art-crh, crh-1988}
    }

@article{Goy3110-1988,
    author = {Goy, Joseph},
    title = {Pour une cartographie des modes de transmission successorale, deux siècles après le code civil},
    journal = {Mélanges de l'Ecole Française de Rome},
    year = 1988,
    language = {français},
    keywords = {art-crh, crh-1988}
    }

@article{Goy3111-1988,
    author = {Goy, Joseph},
    title = {Contro-rivoluzione. Il rapporto fra contadini e rivoluzione dalla partecipazione attiva alla violenta opposizione},
    journal = {Prometeo},
    year = 1988,
    language = {italien},
    keywords = {art-crh, crh-1988}
    }

@article{Nahoum3126-1988,
    author = {Nahoum-Grappe, Véronique},
    title = {Effets de beauté et présentation de soi dans les écrits 'libres' du XVIIIe siècle},
    journal = {Cahiers du Centre de Recherches Sociologiques : les gestions du corps, du corps vu au corps construit},
    year = 1988,
    language = {français},
    keywords = {art-crh, crh-1988}
    }

@article{Nahoum3128-1988,
    author = {Nahoum-Grappe, Véronique},
    title = {Beauté, laideur : histoire et anthropologie de la forme humaine, quelques réflexions},
    journal = {Chimères},
    year = 1988,
    language = {français},
    keywords = {art-crh, crh-1988}
    }

@article{Nahoum3129-1988,
    author = {Nahoum-Grappe, Véronique},
    title = {Regards croisés sur la différence : l'esthétique du corps},
    journal = {Sociétés},
    year = 1988,
    language = {français},
    keywords = {art-crh, crh-1988}
    }

@article{Grinberg3144-1988,
    author = {Grinberg, Martine},
    title = {Dons, prélèvements, échanges. A propos de quelques redevances seigneuriales},
    journal = {Annales E.S.C.},
    year = 1988,
    language = {français},
    keywords = {art-crh, crh-1988}
    }

@article{Guillou3163-1988,
    author = {Guillou, André},
    title = {Vizantijnskaia i postvizantijnskaia selbskaja obscina},
    journal = {Vizantinskij Vremnnik},
    year = 1988,
    language = {russe},
    keywords = {art-crh, crh-1988}
    }

@article{Hartog3176-1988,
    author = {Hartog, François},
    title = {Un genre nouveau ou un document d'un nouveau genre},
    journal = {Le Débat},
    year = 1988,
    language = {français},
    keywords = {art-crh, crh-1988}
    }

@article{Hartog3177-1988,
    author = {Hartog, François},
    title = {Bêtises grecques},
    journal = {Le Temps de la réflexion},
    year = 1988,
    language = {français},
    keywords = {art-crh, crh-1988}
    }

@article{Jouhaud3200-1988,
    author = {Jouhaud, Christian},
    title = {Histoire et histoire littéraire : naissance de l'écrivain},
    journal = {Annales E.S.C.},
    year = 1988,
    language = {français},
    keywords = {art-crh, crh-1988}
    }

@article{Julia3214-1988,
    author = {Julia, Dominique},
    title = {La Révolution, l'Eglise, la France (note critique)},
    journal = {Annales E.S.C.},
    year = 1988,
    language = {français},
    keywords = {art-crh, crh-1988}
    }

@article{Julia3216-1988,
    author = {Julia, Dominique},
    title = {Educacion y Ilustracion en Francia. Los cambios del ,sistema educativo en Francia en el Siglo XVIII},
    journal = {La Educacion en la Ilustracion, Revista de Educacion Espanola},
    year = 1988,
    language = {espagnol},
    keywords = {art-crh, crh-1988}
    }

@article{Julliard3242-1988,
    author = {Julliard, Jacques},
    title = {La superélite},
    journal = {La Mediaklatura},
    year = 1988,
    language = {français},
    keywords = {art-crh, crh-1988}
    }

@article{Julliard3243-1988,
    author = {Julliard, Jacques},
    title = {La réussite gaullienne},
    journal = {Le Débat},
    year = 1988,
    language = {français},
    keywords = {art-crh, crh-1988}
    }

@article{Julliard3244-1988,
    author = {Julliard, Jacques},
    title = {La double crise du syndicalisme},
    journal = {C.F.D.T. Aujourd'hui},
    year = 1988,
    language = {français},
    keywords = {art-crh, crh-1988}
    }

@article{Klapisch3252-1988,
    author = {Klapisch-Zuber, Christiane},
    title = {Du pluriel au singulier, ou de la collaboration entre histoire quantitative et prosopographie},
    journal = {Mélanges de l'Ecole Française de Rome. Moyen Age-Temps Modernes},
    year = 1988,
    language = {français},
    keywords = {art-crh, crh-1988}
    }

@article{Klapisch3255-1988,
    author = {Klapisch-Zuber, Christiane and M. Pastoureau},
    title = {Parenté et identité : Un dossier florentin du XIVe siècle},
    journal = {Annales E.S.C.},
    year = 1988,
    language = {français},
    keywords = {art-crh, crh-1988}
    }

@article{Klapisch3256-1988,
    author = {Klapisch-Zuber, Christiane},
    title = {Ruptures de parenté et changements d'identité chez les magnats florentins du XIVe siècle},
    journal = {Annales E.S.C.},
    year = 1988,
    language = {français},
    keywords = {art-crh, crh-1988}
    }

@article{Klapisch3257-1988,
    author = {Klapisch-Zuber, Christiane},
    title = {La fécondité des Florentines, XIV-XVIe siècles},
    journal = {Annales de Démographie Historique},
    year = 1988,
    language = {français},
    keywords = {art-crh, crh-1988}
    }

@article{Lagarce3264-1988,
    author = {Lagarce, Jacques and E. Lagarce},
    title = {The Instrusion of the Sea Peoples and their Acculturation : A Parallel between Palestinian and Ibn Hani Data},
    journal = {Studies in the History and Archeology of Palestine},
    year = 1988,
    language = {anglais},
    keywords = {art-crh, crh-1988}
    }

@article{LeGoff3277-1988,
    author = {Le Goff, Jacques},
    title = {Un roi-souffrant : Saint Louis},
    journal = {Les Cahiers de Varsovie},
    year = 1988,
    language = {français},
    keywords = {art-crh, crh-1988}
    }

@article{LeGoff3287-1988,
    author = {Le Goff, Jacques},
    title = {The Middle Ages in Western Europe and the Notion of Time},
    journal = {Quarterly},
    year = 1988,
    language = {anglais},
    keywords = {art-crh, crh-1988}
    }

@article{Lepetit3316-1988,
    author = {Lepetit, Bernard and J. Dupaquier},
    title = {Le peuplement},
    journal = {Histoire de la population française, II - De la Renaissance à 1789},
    year = 1988,
    language = {français},
    keywords = {art-crh, crh-1988}
    }

@article{Milo3331-1988,
    author = {Milo, Daniel},
    title = {Le mythe de l'An Mil : Problème d'historiographie moderne},
    journal = {History and Theory},
    year = 1988,
    language = {français},
    keywords = {art-crh, crh-1988}
    }

@article{Mouradian3337-1988,
    author = {Mouradian, Claire},
    title = {Statut des langues, statut des nationalités},
    journal = {Raison Présente},
    year = 1988,
    language = {français},
    keywords = {art-crh, crh-1988}
    }

@article{Mouradian3338-1988,
    author = {Mouradian, Claire},
    title = {La question du Karabagh},
    journal = {Cahiers Ani},
    year = 1988,
    language = {français},
    keywords = {art-crh, crh-1988}
    }

@article{Mouradian3339-1988,
    author = {Mouradian, Claire},
    title = {La question du Karabagh hier et aujourd'hui},
    journal = {Les Temps modernes},
    year = 1988,
    language = {français},
    keywords = {art-crh, crh-1988}
    }

@article{Mouradian3340-1988,
    author = {Mouradian, Claire},
    title = {L'Arménie soviétique et la diaspora},
    journal = {Les Temps modernes},
    year = 1988,
    language = {français},
    keywords = {art-crh, crh-1988}
    }

@article{Netter3346-1988,
    author = {Netter, Marie-Laurence},
    title = {Gauche et droite en Haute-Provence de 1877 à 1978},
    journal = {Géographie Sociale},
    year = 1988,
    language = {français},
    keywords = {art-crh, crh-1988}
    }

@article{Netter3348-1988,
    author = {Netter, Marie-Laurence},
    title = {La représentation symbolique de la Révolution française},
    journal = {Hérodote},
    year = 1988,
    language = {français},
    keywords = {art-crh, crh-1988}
    }

@article{Netter3353-1988,
    author = {Netter, Marie-Laurence},
    title = {Le rôle de la référence à la Révolution française dans le discours de la gauche au pouvoir 1981-1989},
    journal = {Communisme},
    year = 1988,
    language = {français},
    keywords = {art-crh, crh-1988}
    }

@article{Ozouf3365-1988,
    author = {Ozouf, Mona},
    title = {Public opinion at the end of the Old Regime},
    journal = {Journal of Modern History},
    year = 1988,
    language = {anglais},
    keywords = {art-crh, crh-1988}
    }

@article{Perrot3376-1988,
    author = {Perrot, Jean-Claude},
    title = {Economie politique},
    journal = {Handbuch politisch-sozialer Grundbegriffe in Frankreich},
    year = 1988,
    language = {français},
    keywords = {art-crh, crh-1988}
    }

@article{Perrot3379-1988,
    author = {Perrot, Jean-Claude},
    title = {Condorcet, de l'économie politique aux sciences de la société},
    journal = {Revue de synthèse},
    year = 1988,
    language = {français},
    keywords = {art-crh, crh-1988}
    }

@article{Perrot3380-1988,
    author = {Perrot, Jean-Claude},
    title = {L'économie politique en France aux XVIIe et XVIIIe siècles. Vocabulaire, Contenu, Postulats},
    journal = {Revue Européenne des Sciences Sociales. Cahiers Vilfredo Pareto},
    year = 1988,
    language = {français},
    keywords = {art-crh, crh-1988}
    }

@article{Pestre3386-1988,
    author = {Pestre, Dominique},
    title = {Comment se prennent les décisions de très gros équipements dans les laboratoires de science lourde contemporains},
    journal = {Revue de Synthèse},
    year = 1988,
    language = {français},
    keywords = {art-crh, crh-1988}
    }

@article{Pestre3387-1988,
    author = {Pestre, Dominique},
    title = {Sur la science en France, 1860-1940, à propos de deux livres de M.-J. Nye et H. Paul},
    journal = {Revue d'Histoire des Sciences},
    year = 1988,
    language = {français},
    keywords = {art-crh, crh-1988}
    }

@article{Pestre3388-1988,
    author = {Pestre, Dominique},
    title = {Les revues de vulgarisation scientifique en France, 1918-1940 : un panorama},
    journal = {Cahiers d'histoire et de philosophie des sciences},
    year = 1988,
    language = {français},
    keywords = {art-crh, crh-1988}
    }

@article{Peter3400-1988,
    author = {Peter, Jean-Pierre},
    title = {Un savoir inexprimable : le magnétisme entre les ambiguïtés et les refus},
    journal = {L'Ecrit du Temps},
    year = 1988,
    language = {français},
    keywords = {art-crh, crh-1988}
    }

@article{Peter3401-1988,
    author = {Peter, Jean-Pierre},
    title = {Silence et cris. La médecine devant la douleur, ou l'histoire d'une élision},
    journal = {Le Genre Humain},
    year = 1988,
    language = {français},
    keywords = {art-crh, crh-1988}
    }

@article{Podselver3425-1988,
    author = {Podselver, Laurence},
    title = {La alimentacion en los textos de la tradicion judia},
    journal = {Confluencias},
    year = 1988,
    language = {espagnol},
    keywords = {art-crh, crh-1988}
    }

@article{Pomian3450-1988,
    author = {Pomian, Krzysztof},
    title = {Redaktor i Publicysta - o polityce Kultury},
    journal = {Arka},
    year = 1988,
    language = {polonais},
    keywords = {art-crh, crh-1988}
    }

@article{Pomian3453-1988,
    author = {Pomian, Krzysztof},
    title = {Musée archéologique : art, nature, histoire},
    journal = {Le Débat},
    year = 1988,
    language = {français},
    keywords = {art-crh, crh-1988}
    }

@article{Pomian3454-1988,
    author = {Pomian, Krzysztof},
    title = {La science dans la culture},
    journal = {Le Débat},
    year = 1988,
    language = {français},
    keywords = {art-crh, crh-1988}
    }

@article{Pradoura3467-1988,
    author = {Pradoura, Elisabeth and J.-F. Picard},
    title = {La longue marche vers le C.N.R.S. (1901-1945)},
    journal = {Cahiers pour l'histoire du C.N.R.S.},
    year = 1988,
    language = {français},
    keywords = {art-crh, crh-1988}
    }

@article{Randles3469-1988,
    author = {Randles, William},
    title = {From the Mediterranean Portulan  Chart to the Marine World Chart of the Great Discoveries : the Crisis in Cartography in the 16th Century},
    journal = {Imago Mundi. The Journal of the International Society for the History of Cartography},
    year = 1988,
    language = {anglais},
    keywords = {art-crh, crh-1988}
    }

@article{Reberioux3480-1988,
    author = {Reberioux, Madeleine},
    title = {De l'art industriel à l'art social : Jean Jaurès et Roger Marx},
    journal = {Gazette des Beaux Arts},
    year = 1988,
    language = {français},
    keywords = {art-crh, crh-1988}
    }

@article{Reberioux3481-1988,
    author = {Reberioux, Madeleine},
    title = {Le cinquantenaire du Front populaire},
    journal = {Le Mouvement Social},
    year = 1988,
    language = {français},
    keywords = {art-crh, crh-1988}
    }

@article{Revel3486-1988,
    author = {Revel, Jacques},
    title = {Groupe avec paysages},
    journal = {Le Débat},
    year = 1988,
    language = {français},
    keywords = {art-crh, crh-1988}
    }

@article{Revel3491-1988,
    author = {Revel, Jacques},
    title = {Corps et communautés},
    journal = {Annales E.S.C.},
    year = 1988,
    language = {français},
    keywords = {art-crh, crh-1988}
    }

@article{Scherrer3505-1988,
    author = {Scherrer, Jutta},
    title = {Gor'Kij-Bogdalov. Aperçu sur une correspondance non publiée},
    journal = {Cahiers du Monde russe et soviétique},
    year = 1988,
    language = {français},
    keywords = {art-crh, crh-1988}
    }

@article{Scherrer3506-1988,
    author = {Scherrer, Jutta},
    title = {Du marxisme à l'idéalisme : une nouvelle lecture de Bulgakov},
    journal = {Cahiers du Monde russe et soviétique},
    year = 1988,
    language = {français},
    keywords = {art-crh, crh-1988}
    }

@article{Scherrer3507-1988,
    author = {Scherrer, Jutta},
    title = {Journal d'un été à Moscou},
    journal = {Actes de la recherche en sciences sociales},
    year = 1988,
    language = {français},
    keywords = {art-crh, crh-1988}
    }

@article{Scherrer3508-1988,
    author = {Scherrer, Jutta},
    title = {Die Intellektuellen und perestrojska : 'Unsere letzte Chance'},
    journal = {Die Zeit},
    year = 1988,
    language = {allemand},
    keywords = {art-crh, crh-1988}
    }

@article{Schmitt3536-1988,
    author = {Schmitt, Jean-Claude},
    title = {Problèmes du mythe dans l'Occident médiéval},
    journal = {Razo},
    year = 1988,
    language = {français},
    keywords = {art-crh, crh-1988}
    }

@article{Schmitt3537-1988,
    author = {Schmitt, Jean-Claude},
    title = {Tre madonne per due pestilenze nella Roma medievale},
    journal = {Storia e Dossier},
    year = 1988,
    language = {italien},
    keywords = {art-crh, crh-1988}
    }

@article{Schmitt3540-1988,
    author = {Schmitt, Jean-Claude and J.-Cl. Bonne},
    title = {Polythéisme des images médiévales},
    journal = {Cahiers du Centre de Recherches Historiques},
    year = 1988,
    language = {français},
    keywords = {art-crh, crh-1988}
    }

@article{Schmitt3541-1988,
    author = {Schmitt, Jean-Claude},
    title = {Ecriture et image : les avatars médiévaux du modèle grégorien},
    journal = {Cahiers du département de français de l'université Paris X-Nanterre},
    year = 1988,
    language = {français},
    keywords = {art-crh, crh-1988}
    }

@article{Schmitt3543-1988,
    author = {Schmitt, Jean-Claude and J. Gutwirth},
    title = {Ethique et pratiques de l'éthnologue face aux racismes},
    journal = {Ethnologie française},
    year = 1988,
    language = {français},
    keywords = {art-crh, crh-1988}
    }

@article{Schnapper3561-1988,
    author = {Schnapper, Dominique},
    title = {Exceptionnalisme américain et normalité juive},
    journal = {Les Nouveaux Cahiers},
    year = 1988,
    language = {français},
    keywords = {art-crh, crh-1988}
    }

@article{Schnapper3563-1988,
    author = {Schnapper, Dominique},
    title = {La commission de la nationalité, une instance singulière},
    journal = {Revue Européenne des Migrations Internationales},
    year = 1988,
    language = {français},
    keywords = {art-crh, crh-1988}
    }

@article{Schnapper3564-1988,
    author = {Schnapper, Dominique},
    title = {The Politics of French Intellectuals},
    journal = {Partisan Review},
    year = 1988,
    language = {anglais},
    keywords = {art-crh, crh-1988}
    }

@article{Schnapper3565-1988,
    author = {Schnapper, Dominique},
    title = {Letter from Paris},
    journal = {Partisan Review},
    year = 1988,
    language = {anglais},
    keywords = {art-crh, crh-1988}
    }

@article{Schnapper3566-1988,
    author = {Schnapper, Dominique},
    title = {La nation comme communauté de culture},
    journal = {Revue Française de l'Administration Publique},
    year = 1988,
    language = {français},
    keywords = {art-crh, crh-1988}
    }

@article{Sigaut3580-1988,
    author = {Sigaut, François},
    title = {Critique de la notion de domestication},
    journal = {L'Homme},
    year = 1988,
    language = {français},
    keywords = {art-crh, crh-1988}
    }

@article{Sigaut3581-1988,
    author = {Sigaut, François},
    title = {L'évolution technique des agricultures européennes avant l'époque industrielle},
    journal = {Revue archéologique du Centre de la France},
    year = 1988,
    language = {français},
    keywords = {art-crh, crh-1988}
    }

@article{Velay3602-1988,
    author = {Velay-Vallantin, Catherine},
    title = {Jeux de miroirs dans les contes populaires},
    journal = {Le Genre Humain},
    year = 1988,
    language = {français},
    keywords = {art-crh, crh-1988}
    }

@article{Vincent3610-1988,
    author = {Vincent, Bernard},
    title = {Les Morisques, l'intolérance et l'économie},
    journal = {Revue de la Bibliothèque Nationale},
    year = 1988,
    language = {français},
    keywords = {art-crh, crh-1988}
    }

@article{Berlioz3693-1988,
    author = {Berlioz, Jacques and J.-L. Eichenlaub},
    title = {Les tombeaux des chevaliers de la Table ronde à Saint-Emiland (Saône-et-Loire). A propos d'un exemplum d'Etienne de Bourbon},
    journal = {Romania},
    year = 1988,
    language = {français},
    keywords = {art-crh, crh-1988}
    }

@article{Chartier3844-1988,
    author = {Chartier, Roger},
    title = {Testi, oggetti stampati, letture},
    journal = {Annali},
    year = 1988,
    language = {italien},
    keywords = {art-crh, crh-1988}
    }

@book{Aymard2742-1988,
    author = {Aymard, Maurice},
    title = {French Studies in History, vol. 1 : The Inheritance, vol. 2 : The Departures},
    publisher = {Orient Longman},
    series = {},
    location = {New-Delhi},
    year = 1988,
    pagetotal = {},
    language = {anglais},
    keywords = {book-crh, crh-1988}
    }

@book{Benoit2774-1988,
    author = {Benoit, Serge},
    title = {Patrimoine sidérurgique en Bourgogne du Nord. Guide de découverte},
    publisher = {Association pour la Sauvegarde et l'Animation des Forges de Buffon},
    series = {},
    location = {Buffon},
    year = 1988,
    pagetotal = {},
    language = {français},
    keywords = {book-crh, crh-1988}
    }

@book{Bourdelais2822-1988,
    author = {Bourdelais, Patrice},
    title = {Peurs et Terreurs face à la contagion},
    publisher = {Fayard},
    series = {},
    location = {Paris},
    year = 1988,
    pagetotal = {},
    language = {français},
    keywords = {book-crh, crh-1988}
    }

@book{Boureau2829-1988,
    author = {Boureau, Alain},
    title = {La Papesse Jeanne},
    publisher = {Aubier},
    series = {},
    location = {Paris},
    year = 1988,
    pagetotal = {},
    language = {français},
    keywords = {book-crh, crh-1988}
    }

@book{Chartier2891-1988,
    author = {Chartier, Roger},
    title = {Cultural History. Between Practices and Representations},
    publisher = {Polity Press/ Cornell University Press},
    series = {},
    location = {Cambridge/Ithaca},
    year = 1988,
    pagetotal = {},
    language = {anglais},
    keywords = {book-crh, crh-1988}
    }

@book{Chartier2893-1988,
    author = {Chartier, Roger},
    title = {A Historia Cultural entre Praticas e Representaçoes},
    publisher = {Difel},
    series = {},
    location = {Lisboa},
    year = 1988,
    pagetotal = {},
    language = {portugais},
    keywords = {book-crh, crh-1988}
    }

@book{Chartier2894-1988,
    author = {Chartier, Roger},
    title = {Frenchness in the History of the Book : From the History of Publishing to the History of Reading},
    publisher = {American Antiquarian Society},
    series = {},
    location = {Worcester},
    year = 1988,
    pagetotal = {},
    language = {anglais},
    keywords = {book-crh, crh-1988}
    }

@book{Chartier2895-1988,
    author = {Chartier, Roger},
    title = {Luigi Einaudi : Between Politics and History},
    publisher = {Cornell University, Western Societies Program},
    series = {},
    location = {New York},
    year = 1988,
    pagetotal = {},
    language = {anglais},
    keywords = {book-crh, crh-1988}
    }

@book{Chaussinand2931-1988,
    author = {Chaussinand-Nogaret, Guy},
    title = {1789},
    publisher = {Hervas},
    series = {},
    location = {Paris},
    year = 1988,
    pagetotal = {},
    language = {français},
    keywords = {book-crh, crh-1988}
    }

@book{Chaussinand2932-1988,
    author = {Chaussinand-Nogaret, Guy},
    title = {La Bastille est prise},
    publisher = {Complexe},
    series = {},
    location = {Bruxelles},
    year = 1988,
    pagetotal = {},
    language = {français},
    keywords = {book-crh, crh-1988}
    }

@book{Courbin2944-1988,
    author = {Courbin, Paul},
    title = {What is Archeology},
    publisher = {Chicago University Press},
    series = {},
    location = {Chicago},
    year = 1988,
    pagetotal = {},
    language = {anglais},
    keywords = {book-crh, crh-1988}
    }

@book{Delille2958-1988,
    author = {Delille, Gérard},
    title = {Famiglia e proprietà nel Regno di Napoli},
    publisher = {Einaudi},
    series = {},
    location = {Turin},
    year = 1988,
    pagetotal = {},
    language = {italien},
    keywords = {book-crh, crh-1988}
    }

@book{Demelas2963-1988,
    author = {Demelas-Bohy, Marie-Danièle and Y. Saint-Geours},
    title = {Jerusalem y Babilonia. Religion y politica en Ecuador, 1780-1875},
    publisher = {Corporacion editora nacional},
    series = {},
    location = {Quito},
    year = 1988,
    pagetotal = {},
    language = {espagnol},
    keywords = {book-crh, crh-1988}
    }

@book{Dupaquier2997-1988,
    author = {Dupaquier, Jacques},
    title = {Histoire de la population française},
    publisher = {PUF},
    series = {},
    location = {Paris},
    year = 1988,
    pagetotal = {},
    language = {français},
    keywords = {book-crh, crh-1988}
    }

@book{Farge3011-1988,
    author = {Farge, Arlette and J. Revel},
    title = {Les logiques de la foule. L'affaire des enlèvements d'enfants},
    publisher = {Hachette},
    series = {},
    location = {Paris},
    year = 1988,
    pagetotal = {},
    language = {français},
    keywords = {book-crh, crh-1988}
    }

@book{Furet3092-1988,
    author = {Furet, François},
    title = {La Révolution (1770-1880)},
    publisher = {Hachette},
    series = {},
    location = {Paris},
    year = 1988,
    pagetotal = {},
    language = {français},
    keywords = {book-crh, crh-1988}
    }

@book{Hartog3175-1988,
    author = {Hartog, François},
    title = {Le XIXe siècle et l'histoire : le cas Fustel de Coulanges},
    publisher = {PUF},
    series = {},
    location = {Paris},
    year = 1988,
    pagetotal = {},
    language = {français},
    keywords = {book-crh, crh-1988}
    }

@book{Julia3215-1988,
    author = {Julia, Dominique and M.-M. Compère},
    title = {Les collèges français du XVIe au XVIIIe siècles. Répertoire des établissements, t. 2 - France du Nord et de l'Ouest},
    publisher = {CNRS.-I.N.R.P.},
    series = {},
    location = {Paris},
    year = 1988,
    pagetotal = {},
    language = {français},
    keywords = {book-crh, crh-1988}
    }

@book{Klapisch3253-1988,
    author = {Klapisch-Zuber, Christiane and D. Herlihy},
    title = {I Toscani e le loro famiglie. Uno studio sul catasto fiorentino del 1427},
    publisher = {Il Mulino},
    series = {},
    location = {Bologna},
    year = 1988,
    pagetotal = {},
    language = {italien},
    keywords = {book-crh, crh-1988}
    }

@book{Klapisch3254-1988,
    author = {Klapisch-Zuber, Christiane},
    title = {La famiglia e le donne nel Rinascimento a Firenze},
    publisher = {Laterza},
    series = {},
    location = {Bari},
    year = 1988,
    pagetotal = {},
    language = {italien},
    keywords = {book-crh, crh-1988}
    }

@book{LeGoff3275-1988,
    author = {Le Goff, Jacques},
    title = {Histoire et Mémoire},
    publisher = {Gallimard},
    series = {},
    location = {Paris},
    year = 1988,
    pagetotal = {},
    language = {français},
    keywords = {book-crh, crh-1988}
    }

@book{Lepetit3315-1988,
    author = {Lepetit, Bernard},
    title = {Les villes dans la France moderne (1740-1840)},
    publisher = {Albin Michel},
    series = {},
    location = {Paris},
    year = 1988,
    pagetotal = {},
    language = {français},
    keywords = {book-crh, crh-1988}
    }

@book{Ozouf3359-1988,
    author = {Ozouf, Jacques and M. Ozouf},
    title = {Souvenirs},
    publisher = {Calmann-Lévy},
    series = {},
    location = {Paris},
    year = 1988,
    pagetotal = {},
    language = {français},
    keywords = {book-crh, crh-1988}
    }

@book{Ozouf3367-1988,
    author = {Ozouf, Mona and J. Ozouf},
    title = {Souvenirs},
    publisher = {Calmann-Lévy},
    series = {},
    location = {Paris},
    year = 1988,
    pagetotal = {},
    language = {français},
    keywords = {book-crh, crh-1988}
    }

@book{Perrot3377-1988,
    author = {Perrot, Jean-Claude},
    title = {Lavoisier, De la richesse territoriale du royaume de France},
    publisher = {},
    series = {},
    location = {Paris},
    year = 1988,
    pagetotal = {},
    language = {français},
    keywords = {book-crh, crh-1988}
    }

@book{Randles3468-1988,
    author = {Randles, William},
    title = {Bartolomeu Dias and the Discovery of the South-east passage linking the Atlantic to the Indian Ocean (1488)},
    publisher = {Centro de Estudos de historia e cartografia antiga},
    series = {},
    location = {Lisbonne},
    year = 1988,
    pagetotal = {12},
    language = {anglais},
    keywords = {book-crh, crh-1988}
    }

@book{Revel3487-1988,
    author = {Revel, Jacques and A. Farge},
    title = {Logiques de la foule. L'affaire des enlèvements d'enfants, Paris, 1750},
    publisher = {Hachette},
    series = {},
    location = {Paris},
    year = 1988,
    pagetotal = {},
    language = {français},
    keywords = {book-crh, crh-1988}
    }

@book{Schmitt3535-1988,
    author = {Schmitt, Jean-Claude},
    title = {Religione, folklore e società nell'Occidente medievale},
    publisher = {Laterza},
    series = {},
    location = {Rome-Bari},
    year = 1988,
    pagetotal = {},
    language = {italien},
    keywords = {book-crh, crh-1988}
    }

@book{Sigaut3584-1988,
    author = {Sigaut, François and S.Cousin and C. Royer},
    title = {Le guide du patrimoine rural},
    publisher = {},
    series = {},
    location = {Paris},
    year = 1988,
    pagetotal = {},
    language = {français},
    keywords = {book-crh, crh-1988}
    }

@book{Bruhns3802-1988,
    author = {Bruhns, Hinnerk},
    title = {Werner Sombart},
    publisher = {},
    series = {},
    location = {},
    year = 1988,
    pagetotal = {},
    language = {français},
    keywords = {book-crh, crh-1988}
    }

@inproceedings{Burguiere84-1988,
    author = {Burguiere, André},
    editor = {},
    title = {La problématique de la singularité française},
    booktitle = {Actes du Colloque L'identité française, Copenhague 1988},
    publisher = {Akademisk Forlag},
    location = {Copenhague},
    year = 1988,
    pagetotal = {12},
    language = {français},
    keywords = {inproceedings-crh, crh-1988}
    }

@inproceedings{Demelas100-1988,
    author = {Demelas-Bohy, Marie-Danièle},
    editor = {},
    title = {La politica de los prelados. El alto clero y el absolutismo},
    booktitle = {Actes du Colloque America latina : dallo stato coloniale allo stato nazione},
    publisher = {},
    location = {Milan},
    year = 1988,
    pagetotal = {13},
    language = {espagnol},
    keywords = {inproceedings-crh, crh-1988}
    }

@inproceedings{Julia308-1988,
    author = {Julia, Dominique},
    editor = {},
    title = {L'éducation des ecclésiastiques en France au XVIIe et XVIIIe siècles},
    booktitle = {Actes des séminaires Problèmes d'histoire de l'Education},
    publisher = {Ecole Française de Rome},
    location = {Rome},
    year = 1988,
    pagetotal = {65},
    language = {français},
    keywords = {inproceedings-crh, crh-1988}
    }

@inproceedings{Julia320-1988,
    author = {Julia, Dominique},
    editor = {},
    title = {L'apprentissage de la lecture dans la France d'Ancien Régime},
    booktitle = {Actes du Colloque Espaces de l'écriture, Bibliothèque Publique d'informations 1986},
    publisher = {Retz},
    location = {Paris},
    year = 1988,
    pagetotal = {16},
    language = {français},
    keywords = {inproceedings-crh, crh-1988}
    }

@inproceedings{Vincent405-1988,
    author = {Vincent, Bernard},
    editor = {},
    title = {La population des Alpujarras au XVIe siècle},
    booktitle = {Actes du Colloque Sierra Nevada y su entorno, Grenade 1985},
    publisher = {},
    location = {Grenade},
    year = 1988,
    pagetotal = {19},
    language = {français},
    keywords = {inproceedings-crh, crh-1988}
    }

@inproceedings{Vincent425-1988,
    author = {Vincent, Bernard},
    editor = {A.Bazzana},
    title = {Guerre et habitat en Andalousie orientale au XVIe siècle},
    booktitle = {Castrum 3, Actes du Colloque Guerre, fortification et habitat dans le monde méditerranéen au Moyen Age, Madrid 1985},
    publisher = {},
    location = {Madrid-Rome},
    year = 1988,
    pagetotal = {7},
    language = {français},
    keywords = {inproceedings-crh, crh-1988}
    }

@inproceedings{Vincent428-1988,
    author = {Vincent, Bernard},
    editor = {A.Redondo},
    title = {Les Morisques et le parrainage au XVIe siècle},
    booktitle = {Actes du Colloque Les parentés fictives en Espagne (XVIe-XVIIe siècle), Paris 1986},
    publisher = {},
    location = {Paris},
    year = 1988,
    pagetotal = {7},
    language = {français},
    keywords = {inproceedings-crh, crh-1988}
    }

@inproceedings{Lemay600-1988,
    author = {Lemay, Edna},
    editor = {},
    title = {Volney à l'Assemblée nationale constituante},
    booktitle = {Actes du Colloque Volney et les Idéologues, 1988},
    publisher = {Presses de l'université d'Angers},
    location = {Angers},
    year = 1988,
    pagetotal = {8},
    language = {français},
    keywords = {inproceedings-crh, crh-1988}
    }

@inproceedings{Lemay601-1988,
    author = {Lemay, Edna},
    editor = {},
    title = {Inégalité et vote par tête au printemps 1789},
    booktitle = {Actes du Colloque Etudes sur les discours de Rousseau, Ottawa 1985},
    publisher = {},
    location = {Ottawa},
    year = 1988,
    pagetotal = {11},
    language = {français},
    keywords = {inproceedings-crh, crh-1988}
    }

@inproceedings{Lemay602-1988,
    author = {Lemay, Edna},
    editor = {},
    title = {Valeurs nouvelles et leur pratique dans le discours des députés juristes à l'Assemblée constituante},
    booktitle = {Actes du Colloque La Révolution et l'ordre juridique privé, rationalité ou scandale ?, Orléans 1986},
    publisher = {PUF},
    location = {Paris},
    year = 1988,
    pagetotal = {},
    language = {français},
    keywords = {inproceedings-crh, crh-1988}
    }

@inproceedings{Lemay603-1988,
    author = {Lemay, Edna},
    editor = {},
    title = {Le Times et la Révolution française de 1789},
    booktitle = {Actes du Colloque La Légende de la Révolution, 1986},
    publisher = {},
    location = {Clermont-Ferrand},
    year = 1988,
    pagetotal = {8},
    language = {français},
    keywords = {inproceedings-crh, crh-1988}
    }

@inproceedings{Lemay607-1988,
    author = {Lemay, Edna},
    editor = {?},
    title = {Pourquoi le club breton au printemps 1789 ?},
    booktitle = {Région, Nation, Europe},
    publisher = {Les Belles Lettres},
    location = {Besançon},
    year = 1988,
    pagetotal = {9},
    language = {français},
    keywords = {inproceedings-crh, crh-1988}
    }

@inproceedings{Mane658-1988,
    author = {Mane, Perrine},
    editor = {},
    title = {Les calendriers sculptés de Poitou-Charente},
    booktitle = {Actes du IIIe Congrès National des Sociétés Savantes, section archéologie et histoire de l'art},
    publisher = {},
    location = {Paris},
    year = 1988,
    pagetotal = {13},
    language = {français},
    keywords = {inproceedings-crh, crh-1988}
    }

@inproceedings{Alexandre750-1988,
    author = {Alexandre-Bidon, Danièle},
    editor = {},
    title = {L'image de l'archéologie dans le grand public à travers la science-fiction},
    booktitle = {Actes du Colloque L'archéologie et son image, Juan-les-Pins 1987},
    publisher = {},
    location = {Antibes},
    year = 1988,
    pagetotal = {18},
    language = {français},
    keywords = {inproceedings-crh, crh-1988}
    }

@inproceedings{Ormieres1527-1988,
    author = {Ormieres, Jean-Louis},
    editor = {},
    title = {Sociologie du personnel révolutionnaire},
    booktitle = {Actes du Colloque Région, Nation, Europe, Besançon 1987},
    publisher = {Les Belles Lettres},
    location = {Besançon},
    year = 1988,
    pagetotal = {12},
    language = {français},
    keywords = {inproceedings-crh, crh-1988}
    }

@inproceedings{Berlioz1643-1988,
    author = {Berlioz, Jacques},
    editor = {J.B.Martin},
    title = {Les versions médiévales de l'histoire de Robert le Diable : présence du conte et sens des récits},
    booktitle = {Actes des rencontres Le Conte. Tradition orale et identité culturelle, Lyon 1986},
    publisher = {},
    location = {Lyon},
    year = 1988,
    pagetotal = {17},
    language = {français},
    keywords = {inproceedings-crh, crh-1988}
    }

@inproceedings{Bergeron1874-1988,
    author = {Bergeron, Louis},
    editor = {Colin Lucas},
    title = {Napoléon ou l'Etat post-révolutionnaire},
    booktitle = {Actes du Colloque d'Oxford 1987 The Political Culture of the French Revolution},
    publisher = {Pergamon Press},
    location = {Oxford},
    year = 1988,
    pagetotal = {5},
    language = {français},
    keywords = {inproceedings-crh, crh-1988}
    }

@inproceedings{Flandrin3042-1988,
    author = {Flandrin, Jean-Louis},
    editor = {},
    title = {Vigne, vin et société},
    booktitle = {Actes de colloque pluridisciplinaire  Le vin et les sciences, Louvain-la-Neuve, 28 septembre-1er octobre 1988, Image et Réalité du Vin en Europe},
    publisher = {},
    location = {},
    year = 1988,
    pagetotal = {6},
    language = {français},
    keywords = {inproceedings-crh, crh-1988}
    }

@inproceedings{Fontanon3051-1988,
    author = {Fontanon, Claudine and A. Grelon},
    editor = {},
    title = {Le Conservatoire National des Arts et Métiers et ses auditeurs entre les deux guerres},
    booktitle = {XVI° Simposio ICOTHEC, Madrid septembre 1988},
    publisher = {},
    location = {Madrid},
    year = 1988,
    pagetotal = {19},
    language = {français},
    keywords = {inproceedings-crh, crh-1988}
    }

@inproceedings{LeGoff3280-1988,
    author = {Le Goff, Jacques},
    editor = {},
    title = {In Ascoli Piceno : Una città fra la Marca e il Mondo, discour d'ouverture},
    booktitle = {Administrazione comunale di Ascoli Piceno},
    publisher = {},
    location = {},
    year = 1988,
    pagetotal = {9},
    language = {italien},
    keywords = {inproceedings-crh, crh-1988}
    }

@inproceedings{Beck3511-1988,
    author = {Beck-Bossard, Corinne},
    editor = {},
    title = {Pratiques et enjeux de la chasse en Bourgogne au bas Moyen Age},
    booktitle = {Imaginaires et réalités de la chasse, Chalon-sur-Saône 1986, Atelier CRC France},
    publisher = {},
    location = {Le Creusot},
    year = 1988,
    pagetotal = {15},
    language = {français},
    keywords = {inproceedings-crh, crh-1988}
    }

@inproceedings{Pesez4403-1988,
    author = {Pesez, Jean-Marie},
    editor = {},
    title = {Culture matérielle et archéologie médiévale},
    booktitle = {Congrès international, Krems, Autriche, Mensch und Objekt im Mittelalter in der frühen Neuzeit. Leben. Alltag. Kultur},
    publisher = {},
    location = {Vienne},
    year = 1988,
    pagetotal = {15},
    language = {français},
    keywords = {inproceedings-crh, crh-1988}
    }

@inproceedings{Mouradian4740-1988,
    author = {Mouradian, Claire and A. Ter Minassian},
    editor = {B.Kerblay},
    title = {Permanence de la famille arménienne},
    booktitle = {Actes du Colloque Evolution des modèles familiaux dans l'Est européen et en U.R.S.S.},
    publisher = {IMSECO},
    location = {Paris},
    year = 1988,
    pagetotal = {},
    language = {français},
    keywords = {inproceedings-crh, crh-1988}
    }

@inproceedings{Emptoz4912-1988,
    author = {Emptoz, Gérard},
    editor = {},
    title = {Les premières tentatives d'essais comparatifs de turbines hydrauliques réalisées en France},
    booktitle = {Actes du XVIe  International ICOHTEC Symposium},
    publisher = {MOPU},
    location = {Madrid},
    year = 1988,
    pagetotal = {},
    language = {français},
    keywords = {inproceedings-crh, crh-1988}
    }

@inreference{Bergeron2782-1988,
    author = {Bergeron, Louis},
    editor = {F. Furet and M. Ozouf},
    title = {Biens nationaux},
    booktitle = {Dictionnaire critique de la Révolution française},
    publisher = {Flammarion},
    series = {},
    location = {Paris},
    year = 1988,
    pagetotal = {9},
    language = {français},
    keywords = {dict-crh, crh-1988}
    }

@inreference{Bergeron2783-1988,
    author = {Bergeron, Louis},
    editor = {},
    title = {France de 1815 à 1870},
    booktitle = {Dictionnaire d'histoire économique de 1800 à nos jours},
    publisher = {},
    series = {},
    location = {},
    year = 1988,
    pagetotal = {16},
    language = {français},
    keywords = {dict-crh, crh-1988}
    }

@inreference{Goy3108-1988,
    author = {Goy, Joseph},
    editor = {F. Furet and M. Ozouf},
    title = {Code civil},
    booktitle = {Dictionnaire critique de la Révolution française},
    publisher = {Flammarion},
    series = {},
    location = {Paris},
    year = 1988,
    pagetotal = {},
    language = {français},
    keywords = {dict-crh, crh-1988}
    }

@inreference{Revel3489-1988,
    author = {Revel, Jacques},
    editor = {F. Furet and M. Ozouf},
    title = {Grande Peur},
    booktitle = {Dictionnaire critique de la Révolution française},
    publisher = {Flammarion},
    series = {},
    location = {Paris},
    year = 1988,
    pagetotal = {7},
    language = {français},
    keywords = {dict-crh, crh-1988}
    }

@inreference{Revel3490-1988,
    author = {Revel, Jacques},
    editor = {F. Furet and M. Ozouf},
    title = {Marie-Antoinette},
    booktitle = {Dictionnaire critique de la Révolution française},
    publisher = {Flammarion},
    series = {},
    location = {Paris},
    year = 1988,
    pagetotal = {14},
    language = {français},
    keywords = {dict-crh, crh-1988}
    }

@inreference{Halevi3623-1988,
    author = {Halevi, Ran-Yedid and P. Guéniffey},
    editor = {F. Furet and M. Ozouf},
    title = {Clubs et sociétés populaires},
    booktitle = {Dictionnaire critique de la Révolution française},
    publisher = {Flammarion},
    series = {},
    location = {Paris},
    year = 1988,
    pagetotal = {},
    language = {français},
    keywords = {dict-crh, crh-1988}
    }

@inreference{Halevi3624-1988,
    author = {Halevi, Ran-Yedid},
    editor = {F. Furet and M. Ozouf},
    title = {Etats Généraux},
    booktitle = {Dictionnaire critique de la Révolution française},
    publisher = {Flammarion},
    series = {},
    location = {Paris},
    year = 1988,
    pagetotal = {},
    language = {français},
    keywords = {dict-crh, crh-1988}
    }

@inreference{Halevi3625-1988,
    author = {Halevi, Ran-Yedid},
    editor = {F. Furet and M. Ozouf},
    title = {Monarchiens},
    booktitle = {Dictionnaire critique de la Révolution française},
    publisher = {Flammarion},
    series = {},
    location = {Paris},
    year = 1988,
    pagetotal = {},
    language = {français},
    keywords = {dict-crh, crh-1988}
    }

@inreference{Halevi3626-1988,
    author = {Halevi, Ran-Yedid},
    editor = {F. Furet and M. Ozouf},
    title = {Feuillants},
    booktitle = {Dictionnaire critique de la Révolution française},
    publisher = {Flammarion},
    series = {},
    location = {Paris},
    year = 1988,
    pagetotal = {},
    language = {français},
    keywords = {dict-crh, crh-1988}
    }

@inreference{Nora5728-1988,
    author = {Nora, Pierre},
    editor = {F.Furet and M.Ozouf},
    title = {Nation},
    booktitle = {Dictionnaire critique de la Révolution française},
    publisher = {Flammarion},
    series = {},
    location = {Paris},
    year = 1988,
    pagetotal = {},
    language = {français},
    keywords = {dict-crh, crh-1988}
    }

@inreference{Nora5729-1988,
    author = {Nora, Pierre},
    editor = {F.Furet and M.Ozouf},
    title = {République},
    booktitle = {Dictionnaire critique de la Révolution française},
    publisher = {Flammarion},
    series = {},
    location = {Paris},
    year = 1988,
    pagetotal = {},
    language = {français},
    keywords = {dict-crh, crh-1988}
    }

@inreference{Richet5730-1988,
    author = {Richet, Denis},
    editor = {F.Furet and M.Ozouf},
    title = {Assemblées révolutionaires},
    booktitle = {Dictionnaire critique de la Révolution française},
    publisher = {Flammarion},
    series = {},
    location = {Paris},
    year = 1988,
    pagetotal = {},
    language = {français},
    keywords = {dict-crh, crh-1988}
    }

@inreference{Richet5731-1988,
    author = {Richet, Denis},
    editor = {F.Furet and M.Ozouf},
    title = {Campagne d'Italie},
    booktitle = {Dictionnaire critique de la Révolution française},
    publisher = {Flammarion},
    series = {},
    location = {Paris},
    year = 1988,
    pagetotal = {},
    language = {français},
    keywords = {dict-crh, crh-1988}
    }

@inreference{Richet5732-1988,
    author = {Richet, Denis},
    editor = {F.Furet and M.Ozouf},
    title = {Comité de Salut public},
    booktitle = {Dictionnaire critique de la Révolution française},
    publisher = {Flammarion},
    series = {},
    location = {Paris},
    year = 1988,
    pagetotal = {},
    language = {français},
    keywords = {dict-crh, crh-1988}
    }

@inreference{Richet5733-1988,
    author = {Richet, Denis},
    editor = {F.Furet and M.Ozouf},
    title = {Coups d'Etat},
    booktitle = {Dictionnaire critique de la Révolution française},
    publisher = {Flammarion},
    series = {},
    location = {Paris},
    year = 1988,
    pagetotal = {},
    language = {français},
    keywords = {dict-crh, crh-1988}
    }

@inreference{Richet5734-1988,
    author = {Richet, Denis},
    editor = {F.Furet and M.Ozouf},
    title = {Enragés},
    booktitle = {Dictionnaire critique de la Révolution française},
    publisher = {Flammarion},
    series = {},
    location = {Paris},
    year = 1988,
    pagetotal = {},
    language = {français},
    keywords = {dict-crh, crh-1988}
    }

@inreference{Richet5735-1988,
    author = {Richet, Denis},
    editor = {F.Furet and M.Ozouf},
    title = {Frontières naturelles},
    booktitle = {Dictionnaire critique de la Révolution française},
    publisher = {Flammarion},
    series = {},
    location = {Paris},
    year = 1988,
    pagetotal = {},
    language = {français},
    keywords = {dict-crh, crh-1988}
    }

@inreference{Richet5736-1988,
    author = {Richet, Denis},
    editor = {F.Furet and M.Ozouf},
    title = {Hébertistes},
    booktitle = {Dictionnaire critique de la Révolution française},
    publisher = {Flammarion},
    series = {},
    location = {Paris},
    year = 1988,
    pagetotal = {},
    language = {français},
    keywords = {dict-crh, crh-1988}
    }

@inreference{Richet5737-1988,
    author = {Richet, Denis},
    editor = {F.Furet and M.Ozouf},
    title = {Journées révolutionaires},
    booktitle = {Dictionnaire critique de la Révolution française},
    publisher = {Flammarion},
    series = {},
    location = {Paris},
    year = 1988,
    pagetotal = {},
    language = {français},
    keywords = {dict-crh, crh-1988}
    }

@inreference{Richet5738-1988,
    author = {Richet, Denis},
    editor = {F.Furet and M.Ozouf},
    title = {Traités de Bâle et de La Haye (1795)},
    booktitle = {Dictionnaire critique de la Révolution française},
    publisher = {Flammarion},
    series = {},
    location = {Paris},
    year = 1988,
    pagetotal = {},
    language = {français},
    keywords = {dict-crh, crh-1988}
    }

@inreference{Ozouf5739-1988,
    author = {Ozouf, Mona},
    editor = {F.Furet and M.Ozouf},
    title = {Calendrier},
    booktitle = {Dictionnaire critique de la Révolution française},
    publisher = {Flammarion},
    series = {},
    location = {Paris},
    year = 1988,
    pagetotal = {},
    language = {français},
    keywords = {dict-crh, crh-1988}
    }

@inreference{Ozouf5740-1988,
    author = {Ozouf, Mona},
    editor = {F.Furet and M.Ozouf},
    title = {Danton},
    booktitle = {Dictionnaire critique de la Révolution française},
    publisher = {Flammarion},
    series = {},
    location = {Paris},
    year = 1988,
    pagetotal = {},
    language = {français},
    keywords = {dict-crh, crh-1988}
    }

@inreference{Ozouf5741-1988,
    author = {Ozouf, Mona},
    editor = {F.Furet and M.Ozouf},
    title = {Déchristianisation},
    booktitle = {Dictionnaire critique de la Révolution française},
    publisher = {Flammarion},
    series = {},
    location = {Paris},
    year = 1988,
    pagetotal = {},
    language = {français},
    keywords = {dict-crh, crh-1988}
    }

@inreference{Ozouf5742-1988,
    author = {Ozouf, Mona},
    editor = {F.Furet and M.Ozouf},
    title = {Département},
    booktitle = {Dictionnaire critique de la Révolution française},
    publisher = {Flammarion},
    series = {},
    location = {Paris},
    year = 1988,
    pagetotal = {},
    language = {français},
    keywords = {dict-crh, crh-1988}
    }

@inreference{Ozouf5746-1988,
    author = {Ozouf, Mona},
    editor = {F.Furet and M.Ozouf},
    title = {Egalité},
    booktitle = {Dictionnaire critique de la Révolution française},
    publisher = {Flammarion},
    series = {},
    location = {Paris},
    year = 1988,
    pagetotal = {},
    language = {français},
    keywords = {dict-crh, crh-1988}
    }

@inreference{Ozouf5747-1988,
    author = {Ozouf, Mona},
    editor = {F.Furet and M.Ozouf},
    title = {Esprit public},
    booktitle = {Dictionnaire critique de la Révolution française},
    publisher = {Flammarion},
    series = {},
    location = {Paris},
    year = 1988,
    pagetotal = {},
    language = {français},
    keywords = {dict-crh, crh-1988}
    }

@inreference{Ozouf5748-1988,
    author = {Ozouf, Mona},
    editor = {F.Furet and M.Ozouf},
    title = {Fédéralisme},
    booktitle = {Dictionnaire critique de la Révolution française},
    publisher = {Flammarion},
    series = {},
    location = {Paris},
    year = 1988,
    pagetotal = {},
    language = {français},
    keywords = {dict-crh, crh-1988}
    }

@inreference{Ozouf5749-1988,
    author = {Ozouf, Mona},
    editor = {F.Furet and M.Ozouf},
    title = {Fraternité},
    booktitle = {Dictionnaire critique de la Révolution française},
    publisher = {Flammarion},
    series = {},
    location = {Paris},
    year = 1988,
    pagetotal = {},
    language = {français},
    keywords = {dict-crh, crh-1988}
    }

@inreference{Ozouf5750-1988,
    author = {Ozouf, Mona},
    editor = {F.Furet and M.Ozouf},
    title = {Girondins},
    booktitle = {Dictionnaire critique de la Révolution française},
    publisher = {Flammarion},
    series = {},
    location = {Paris},
    year = 1988,
    pagetotal = {},
    language = {français},
    keywords = {dict-crh, crh-1988}
    }

@inreference{Ozouf5751-1988,
    author = {Ozouf, Mona},
    editor = {F.Furet and M.Ozouf},
    title = {Jaurès},
    booktitle = {Dictionnaire critique de la Révolution française},
    publisher = {Flammarion},
    series = {},
    location = {Paris},
    year = 1988,
    pagetotal = {},
    language = {français},
    keywords = {dict-crh, crh-1988}
    }

@inreference{Ozouf5752-1988,
    author = {Ozouf, Mona},
    editor = {F.Furet and M.Ozouf},
    title = {Liberté},
    booktitle = {Dictionnaire critique de la Révolution française},
    publisher = {Flammarion},
    series = {},
    location = {Paris},
    year = 1988,
    pagetotal = {},
    language = {français},
    keywords = {dict-crh, crh-1988}
    }

@inreference{Ozouf5753-1988,
    author = {Ozouf, Mona},
    editor = {F.Furet and M.Ozouf},
    title = {Marat},
    booktitle = {Dictionnaire critique de la Révolution française},
    publisher = {Flammarion},
    series = {},
    location = {Paris},
    year = 1988,
    pagetotal = {},
    language = {français},
    keywords = {dict-crh, crh-1988}
    }

@inreference{Ozouf5754-1988,
    author = {Ozouf, Mona},
    editor = {F.Furet and M.Ozouf},
    title = {Montagnards},
    booktitle = {Dictionnaire critique de la Révolution française},
    publisher = {Flammarion},
    series = {},
    location = {Paris},
    year = 1988,
    pagetotal = {},
    language = {français},
    keywords = {dict-crh, crh-1988}
    }

@inreference{Ozouf5755-1988,
    author = {Ozouf, Mona},
    editor = {F.Furet and M.Ozouf},
    title = {Procès du roi},
    booktitle = {Dictionnaire critique de la Révolution française},
    publisher = {Flammarion},
    series = {},
    location = {Paris},
    year = 1988,
    pagetotal = {},
    language = {français},
    keywords = {dict-crh, crh-1988}
    }

@inreference{Ozouf5756-1988,
    author = {Ozouf, Mona},
    editor = {F.Furet and M.Ozouf},
    title = {Régénération},
    booktitle = {Dictionnaire critique de la Révolution française},
    publisher = {Flammarion},
    series = {},
    location = {Paris},
    year = 1988,
    pagetotal = {},
    language = {français},
    keywords = {dict-crh, crh-1988}
    }

@inreference{Ozouf5757-1988,
    author = {Ozouf, Mona},
    editor = {F.Furet and M.Ozouf},
    title = {Religion révolutionaire},
    booktitle = {Dictionnaire critique de la Révolution française},
    publisher = {Flammarion},
    series = {},
    location = {Paris},
    year = 1988,
    pagetotal = {},
    language = {français},
    keywords = {dict-crh, crh-1988}
    }

@inreference{Ozouf5758-1988,
    author = {Ozouf, Mona},
    editor = {F.Furet and M.Ozouf},
    title = {Révolution},
    booktitle = {Dictionnaire critique de la Révolution française},
    publisher = {Flammarion},
    series = {},
    location = {Paris},
    year = 1988,
    pagetotal = {},
    language = {français},
    keywords = {dict-crh, crh-1988}
    }

@inreference{Ozouf5759-1988,
    author = {Ozouf, Mona},
    editor = {F.Furet and M.Ozouf},
    title = {Saint-Just},
    booktitle = {Dictionnaire critique de la Révolution française},
    publisher = {Flammarion},
    series = {},
    location = {Paris},
    year = 1988,
    pagetotal = {},
    language = {français},
    keywords = {dict-crh, crh-1988}
    }

@inreference{Ozouf5760-1988,
    author = {Ozouf, Mona},
    editor = {F.Furet and M.Ozouf},
    title = {Taine},
    booktitle = {Dictionnaire critique de la Révolution française},
    publisher = {Flammarion},
    series = {},
    location = {Paris},
    year = 1988,
    pagetotal = {},
    language = {français},
    keywords = {dict-crh, crh-1988}
    }

@inreference{Ozouf5761-1988,
    author = {Ozouf, Mona},
    editor = {F.Furet and M.Ozouf},
    title = {Varennes},
    booktitle = {Dictionnaire critique de la Révolution française},
    publisher = {Flammarion},
    series = {},
    location = {Paris},
    year = 1988,
    pagetotal = {},
    language = {français},
    keywords = {dict-crh, crh-1988}
    }

@inreference{Ozouf5762-1988,
    author = {Ozouf, Mona},
    editor = {F.Furet and M.Ozouf},
    title = {Voltaire},
    booktitle = {Dictionnaire critique de la Révolution française},
    publisher = {Flammarion},
    series = {},
    location = {Paris},
    year = 1988,
    pagetotal = {},
    language = {français},
    keywords = {dict-crh, crh-1988}
    }

@inreference{Ozouf5763-1988,
    author = {Ozouf, Mona},
    editor = {F.Furet and M.Ozouf},
    title = {Fédération},
    booktitle = {Dictionnaire critique de la Révolution française},
    publisher = {Flammarion},
    series = {},
    location = {Paris},
    year = 1988,
    pagetotal = {},
    language = {français},
    keywords = {dict-crh, crh-1988}
    }

@inreference{Furet5764-1988,
    author = {Furet, François},
    editor = {F.Furet and M.Ozouf},
    title = {Ancien régime},
    booktitle = {Dictionnaire critique de la Révolution française},
    publisher = {Flammarion},
    series = {},
    location = {Paris},
    year = 1988,
    pagetotal = {},
    language = {français},
    keywords = {dict-crh, crh-1988}
    }

@inreference{Furet5765-1988,
    author = {Furet, François},
    editor = {F.Furet and M.Ozouf},
    title = {Babeuf},
    booktitle = {Dictionnaire critique de la Révolution française},
    publisher = {Flammarion},
    series = {},
    location = {Paris},
    year = 1988,
    pagetotal = {},
    language = {français},
    keywords = {dict-crh, crh-1988}
    }

@inreference{Furet5766-1988,
    author = {Furet, François},
    editor = {F.Furet and M.Ozouf},
    title = {Barnave},
    booktitle = {Dictionnaire critique de la Révolution française},
    publisher = {Flammarion},
    series = {},
    location = {Paris},
    year = 1988,
    pagetotal = {},
    language = {français},
    keywords = {dict-crh, crh-1988}
    }

@inreference{Furet5767-1988,
    author = {Furet, François},
    editor = {F.Furet and M.Ozouf},
    title = {Louis Blanc},
    booktitle = {Dictionnaire critique de la Révolution française},
    publisher = {Flammarion},
    series = {},
    location = {Paris},
    year = 1988,
    pagetotal = {},
    language = {français},
    keywords = {dict-crh, crh-1988}
    }

@inreference{Furet5768-1988,
    author = {Furet, François},
    editor = {F.Furet and M.Ozouf},
    title = {Bonaparte},
    booktitle = {Dictionnaire critique de la Révolution française},
    publisher = {Flammarion},
    series = {},
    location = {Paris},
    year = 1988,
    pagetotal = {},
    language = {français},
    keywords = {dict-crh, crh-1988}
    }

@inreference{Furet5769-1988,
    author = {Furet, François},
    editor = {F.Furet and M.Ozouf},
    title = {Buchez},
    booktitle = {Dictionnaire critique de la Révolution française},
    publisher = {Flammarion},
    series = {},
    location = {Paris},
    year = 1988,
    pagetotal = {},
    language = {français},
    keywords = {dict-crh, crh-1988}
    }

@inreference{Furet5770-1988,
    author = {Furet, François},
    editor = {F.Furet and M.Ozouf},
    title = {Chouannerie},
    booktitle = {Dictionnaire critique de la Révolution française},
    publisher = {Flammarion},
    series = {},
    location = {Paris},
    year = 1988,
    pagetotal = {},
    language = {français},
    keywords = {dict-crh, crh-1988}
    }

@inreference{Furet5771-1988,
    author = {Furet, François},
    editor = {F.Furet and M.Ozouf},
    title = {Constitution civile du clergé},
    booktitle = {Dictionnaire critique de la Révolution française},
    publisher = {Flammarion},
    series = {},
    location = {Paris},
    year = 1988,
    pagetotal = {},
    language = {français},
    keywords = {dict-crh, crh-1988}
    }

@inreference{Furet5772-1988,
    author = {Furet, François},
    editor = {F.Furet and M.Ozouf},
    title = {Dix-huit brumaire},
    booktitle = {Dictionnaire critique de la Révolution française},
    publisher = {Flammarion},
    series = {},
    location = {Paris},
    year = 1988,
    pagetotal = {},
    language = {français},
    keywords = {dict-crh, crh-1988}
    }

@inreference{Furet5773-1988,
    author = {Furet, François},
    editor = {F.Furet and M.Ozouf},
    title = {Féodalité},
    booktitle = {Dictionnaire critique de la Révolution française},
    publisher = {Flammarion},
    series = {},
    location = {Paris},
    year = 1988,
    pagetotal = {},
    language = {français},
    keywords = {dict-crh, crh-1988}
    }

@inreference{Furet5774-1988,
    author = {Furet, François},
    editor = {F.Furet and M.Ozouf},
    title = {Gouvernement révolutionaire},
    booktitle = {Dictionnaire critique de la Révolution française},
    publisher = {Flammarion},
    series = {},
    location = {Paris},
    year = 1988,
    pagetotal = {},
    language = {français},
    keywords = {dict-crh, crh-1988}
    }

@inreference{Furet5775-1988,
    author = {Furet, François},
    editor = {F.Furet and M.Ozouf},
    title = {Histoire universitaire de la Révolution},
    booktitle = {Dictionnaire critique de la Révolution française},
    publisher = {Flammarion},
    series = {},
    location = {Paris},
    year = 1988,
    pagetotal = {},
    language = {français},
    keywords = {dict-crh, crh-1988}
    }

@inreference{Furet5776-1988,
    author = {Furet, François},
    editor = {F.Furet and M.Ozouf},
    title = {Jacobinisme},
    booktitle = {Dictionnaire critique de la Révolution française},
    publisher = {Flammarion},
    series = {},
    location = {Paris},
    year = 1988,
    pagetotal = {},
    language = {français},
    keywords = {dict-crh, crh-1988}
    }

@inreference{Furet5777-1988,
    author = {Furet, François},
    editor = {F.Furet and M.Ozouf},
    title = {Louis XVI},
    booktitle = {Dictionnaire critique de la Révolution française},
    publisher = {Flammarion},
    series = {},
    location = {Paris},
    year = 1988,
    pagetotal = {},
    language = {français},
    keywords = {dict-crh, crh-1988}
    }

@inreference{Furet5778-1988,
    author = {Furet, François},
    editor = {F.Furet and M.Ozouf},
    title = {Marx},
    booktitle = {Dictionnaire critique de la Révolution française},
    publisher = {Flammarion},
    series = {},
    location = {Paris},
    year = 1988,
    pagetotal = {},
    language = {français},
    keywords = {dict-crh, crh-1988}
    }

@inreference{Furet5779-1988,
    author = {Furet, François},
    editor = {F.Furet and M.Ozouf},
    title = {Maximum},
    booktitle = {Dictionnaire critique de la Révolution française},
    publisher = {Flammarion},
    series = {},
    location = {Paris},
    year = 1988,
    pagetotal = {},
    language = {français},
    keywords = {dict-crh, crh-1988}
    }

@inreference{Furet5780-1988,
    author = {Furet, François},
    editor = {F.Furet and M.Ozouf},
    title = {Michelet},
    booktitle = {Dictionnaire critique de la Révolution française},
    publisher = {Flammarion},
    series = {},
    location = {Paris},
    year = 1988,
    pagetotal = {},
    language = {français},
    keywords = {dict-crh, crh-1988}
    }

@inreference{Furet5781-1988,
    author = {Furet, François},
    editor = {F.Furet and M.Ozouf},
    title = {Mirabeau},
    booktitle = {Dictionnaire critique de la Révolution française},
    publisher = {Flammarion},
    series = {},
    location = {Paris},
    year = 1988,
    pagetotal = {},
    language = {français},
    keywords = {dict-crh, crh-1988}
    }

@inreference{Furet5782-1988,
    author = {Furet, François},
    editor = {F.Furet and M.Ozouf},
    title = {Nuit du 4 août},
    booktitle = {Dictionnaire critique de la Révolution française},
    publisher = {Flammarion},
    series = {},
    location = {Paris},
    year = 1988,
    pagetotal = {},
    language = {français},
    keywords = {dict-crh, crh-1988}
    }

@inreference{Furet5783-1988,
    author = {Furet, François},
    editor = {F.Furet and M.Ozouf},
    title = {Quinet},
    booktitle = {Dictionnaire critique de la Révolution française},
    publisher = {Flammarion},
    series = {},
    location = {Paris},
    year = 1988,
    pagetotal = {},
    language = {français},
    keywords = {dict-crh, crh-1988}
    }

@inreference{Furet5784-1988,
    author = {Furet, François},
    editor = {F.Furet and M.Ozouf},
    title = {Terreur},
    booktitle = {Dictionnaire critique de la Révolution française},
    publisher = {Flammarion},
    series = {},
    location = {Paris},
    year = 1988,
    pagetotal = {},
    language = {français},
    keywords = {dict-crh, crh-1988}
    }

@inreference{Furet5785-1988,
    author = {Furet, François},
    editor = {F.Furet and M.Ozouf},
    title = {Tocqueville},
    booktitle = {Dictionnaire critique de la Révolution française},
    publisher = {Flammarion},
    series = {},
    location = {Paris},
    year = 1988,
    pagetotal = {},
    language = {français},
    keywords = {dict-crh, crh-1988}
    }

@inreference{Furet5786-1988,
    author = {Furet, François},
    editor = {F.Furet and M.Ozouf},
    title = {Vendée},
    booktitle = {Dictionnaire critique de la Révolution française},
    publisher = {Flammarion},
    series = {},
    location = {Paris},
    year = 1988,
    pagetotal = {},
    language = {français},
    keywords = {dict-crh, crh-1988}
    }

@proceedings{Baulant2759-1988,
    editor = {Baulant, Micheline and A.-J. Schurman and P. Servais},
    editortype = {dir.},
    title = {Inventaires après décès et ventes de meubles. Apports à une histoire de la vie économique et quotidienne, XIVe-XIXe siècles},
    booktitle = {Inventaires après décès et ventes de meubles. Apports à une histoire de la vie économique et quotidienne, XIVe-XIXe siècles},
    publisher = {Academia},
    location = {Louvain},
    year = 1988,
    pagetotal = {},
    language = {français},
    keywords = {proceedings-crh, crh-1988}
    }

@proceedings{Froeschle3086-1988,
    editor = {Froeschle-Chopard, Marie-Hélène},
    editortype = {dir.},
    title = {Les Confréries, l'Eglise et la Cité},
    booktitle = {Les Confréries, l'Eglise et la Cité},
    publisher = {},
    location = {Grenoble},
    year = 1988,
    pagetotal = {},
    language = {français},
    keywords = {proceedings-crh, crh-1988}
    }

@proceedings{Furet3093-1988,
    editor = {Furet, François and M. Ozouf},
    editortype = {dir.},
    title = {Dictionnaire critique de la Révolution française},
    booktitle = {Dictionnaire critique de la Révolution française},
    publisher = {Flammarion},
    location = {Paris},
    year = 1988,
    pagetotal = {},
    language = {français},
    keywords = {proceedings-crh, crh-1988}
    }

@proceedings{Goubert3099-1988,
    editor = {Goubert, Jean-Pierre},
    editortype = {dir.},
    title = {Du luxe au confort},
    booktitle = {Du luxe au confort},
    publisher = {Belin},
    location = {Paris},
    year = 1988,
    pagetotal = {},
    language = {français},
    keywords = {proceedings-crh, crh-1988}
    }

@proceedings{Green3137-1988,
    editor = {Green, Nancy and K. Ozturk and T.-Y. Phong and S. Tasmadjian and A. Vince},
    editortype = {dir.},
    title = {Les rapports habitat/travail dans l'industrie de l'habillement à Paris et dans sa banlieue},
    booktitle = {Les rapports habitat/travail dans l'industrie de l'habillement à Paris et dans sa banlieue},
    publisher = {Ministère de l'équipement, du logement, de l'aménagement du territoire et des transports},
    location = {Paris},
    year = 1988,
    pagetotal = {184},
    language = {français},
    keywords = {proceedings-crh, crh-1988}
    }

@proceedings{Ozouf3368-1988,
    editor = {Ozouf, Mona and F. Furet},
    editortype = {dir.},
    title = {Dictionnaire critique de la Révolution française},
    booktitle = {Dictionnaire critique de la Révolution française},
    publisher = {Flammarion},
    location = {Paris},
    year = 1988,
    pagetotal = {},
    language = {français},
    keywords = {proceedings-crh, crh-1988}
    }

@proceedings{Bergeron3686-1988,
    editor = {Bergeron, Louis},
    editortype = {dir.},
    title = {La croissance régionale dans l'Europe méditerranéenne XVIIIe-XXe siècles},
    booktitle = {La croissance régionale dans l'Europe méditerranéenne XVIIIe-XXe siècles},
    publisher = {},
    location = {},
    year = 1988,
    pagetotal = {},
    language = {français},
    keywords = {proceedings-crh, crh-1988}
    }

@collection{Alexandre2709-1988,
    author = {Alexandre-Bidon, Danièle and P. Mane},
    editor = {},
    title = {La vie quotidienne à travers les enluminures carolingiennes},
    booktitle = {Un village au temps de Charlemagne. Catalogue de l'exposition},
    publisher = {Musée national des ATP},
    location = {Paris},
    year = 1988,
    pagetotal = {14},
    language = {français},
    keywords = {expo-crh, crh-1988}
    }

@collection{Farge3014-1988,
    author = {Farge, Arlette},
    editor = {},
    title = {Les images de la société au XVIIIe siècle},
    booktitle = {Catalogue de l'exposition de Vizille, Révolution française (juin 1988)},
    publisher = {},
    location = {},
    year = 1988,
    pagetotal = {},
    language = {français},
    keywords = {expo-crh, crh-1988}
    }

@collection{Mane3323-1988,
    author = {Mane, Perrine and D. Alexandre-Bidon},
    editor = {},
    title = {La vie quotidienne d'après l' iconographie carolingienne},
    booktitle = {Un village au temps de Charlemagne, Catalogue d'Exposition},
    publisher = {Musée national des arts et traditions populaires},
    location = {Paris},
    year = 1988,
    pagetotal = {14},
    language = {français},
    keywords = {expo-crh, crh-1988}
    }

@incollection{Guillou3164-1988,
    author = {Guillou, André},
    editor = {},
    title = {Piété filiale, piété impériale},
    booktitle = {Mélanges P. Lévêque},
    publisher = {},
    location = {},
    year = 1988,
    pagetotal = {11},
    language = {français},
    keywords = {melanges-crh, crh-1988}
    }

@incollection{Julia3213-1988,
    author = {Julia, Dominique},
    editor = {},
    title = {Déchristianisation ou mutation culturelle ? L'exemple du Bassin Parisien au XVIIIe siècle},
    booktitle = {Croyances, pouvoirs et société. Des Limousins aux Français. Etudes offertes à Louis Pérouas},
    publisher = {},
    location = {},
    year = 1988,
    pagetotal = {55},
    language = {français},
    keywords = {melanges-crh, crh-1988}
    }

@incollection{Julia3221-1988,
    author = {Julia, Dominique},
    editor = {},
    title = {Condorcet. L'instruction du citoyen},
    booktitle = {Hommage à Condorcet},
    publisher = {},
    location = {},
    year = 1988,
    pagetotal = {8},
    language = {français},
    keywords = {melanges-crh, crh-1988}
    }

@incollection{LeGoff3279-1988,
    author = {Le Goff, Jacques},
    editor = {},
    title = {Saint Louis et la parole royale},
    booktitle = {Le Nombre du Temps},
    publisher = {},
    location = {},
    year = 1988,
    pagetotal = {10},
    language = {français},
    keywords = {melanges-crh, crh-1988}
    }

@incollection{Vincent3609-1988,
    author = {Vincent, Bernard},
    editor = {},
    title = {Les corsaires en Andalousie orientale au XVIe siècle},
    booktitle = {Homenatge al doctor Sebastià Garcia Martinez},
    publisher = {},
    location = {Valence},
    year = 1988,
    pagetotal = {8},
    language = {français},
    keywords = {melanges-crh, crh-1988}
    }

@incollection{Pomian28-1988,
    author = {Pomian, Krzysztof},
    editor = {F.Viatte},
    title = {Gênes, Naples, Venise : trois destins},
    booktitle = {Escales du baroque},
    publisher = {},
    location = {Paris},
    year = 1988,
    pagetotal = {8},
    language = {français},
    keywords = {collectif-crh, crh-1988}
    }

@incollection{Pomian29-1988,
    author = {Pomian, Krzysztof},
    editor = {K.Michalski},
    title = {Europa und seine Nationen},
    booktitle = {Europa und die Folgen},
    publisher = {},
    location = {Stuttgart},
    year = 1988,
    pagetotal = {33},
    language = {allemand},
    keywords = {collectif-crh, crh-1988}
    }

@incollection{Pomian30-1988,
    author = {Pomian, Krzysztof},
    editor = {G.Barbieri and P.Vidali},
    title = {Le narrazioni del passato},
    booktitle = {La ragione possibile. Per una geografia della cultura},
    publisher = {},
    location = {Milan},
    year = 1988,
    pagetotal = {12},
    language = {italien},
    keywords = {collectif-crh, crh-1988}
    }

@incollection{Pomian31-1988,
    author = {Pomian, Krzysztof},
    editor = {M.Ceruti and E.Laszlo},
    title = {Cultura e autonomia umana},
    booktitle = {Physis : abitare la terra},
    publisher = {},
    location = {Milan},
    year = 1988,
    pagetotal = {24},
    language = {italien},
    keywords = {collectif-crh, crh-1988}
    }

@incollection{Pomian60-1988,
    author = {Pomian, Krzysztof},
    editor = {G.Krebs},
    title = {Une notion ambigüe : Mitteleuropa},
    booktitle = {Mitteleuropa. Pour ou contre l'Europe ?},
    publisher = {},
    location = {Paris},
    year = 1988,
    pagetotal = {4},
    language = {français},
    keywords = {collectif-crh, crh-1988}
    }

@incollection{Peter70-1988,
    author = {Peter, Jean-Pierre and M.-C. Pouchelle},
    editor = {?},
    title = {La Célestine assassinée, ou la faillite de l'entremise},
    booktitle = {La Célestine},
    publisher = {Opéra de Paris},
    location = {Paris},
    year = 1988,
    pagetotal = {14},
    language = {français},
    keywords = {collectif-crh, crh-1988}
    }

@incollection{Dupaquier125-1988,
    author = {Dupaquier, Jacques},
    editor = {?},
    title = {France 'naturelle' et France 'contraceptive'},
    booktitle = {L'Etat de la France pendant la Révolution, 1789-1799},
    publisher = {La Découverte},
    location = {Paris},
    year = 1988,
    pagetotal = {},
    language = {français},
    keywords = {collectif-crh, crh-1988}
    }

@incollection{Piponnier158-1988,
    author = {Piponnier, Françoise},
    editor = {M.Baulant and A.J.Schurman and P.Servais},
    title = {Matières premières du costume et groupes sociaux, Bourgogne XIVe-XVe siècles},
    booktitle = {Inventaires après décès et ventes de meubles},
    publisher = {},
    location = {Bruxelles},
    year = 1988,
    pagetotal = {19},
    language = {français},
    keywords = {collectif-crh, crh-1988}
    }

@incollection{Beutler210-1988,
    author = {Beutler, Corinne},
    editor = {M.Baulant and A.J.Schurman and P.Servais},
    title = {L'insertion économique des familles paysannes dans la seconde moitié du XVIIIe siècle. Etude comparée de deux régions : Meaux et Montréal},
    booktitle = {Inventaires après décès et ventes de meubles. Apports à une histoire de la vie économique et quotidienne, XIVe-XIXe siècles, Actes du Ixe congrès international d'histoire économique, Berne 1986},
    publisher = {Ed.Academia},
    location = {Louvain-la-Neuve},
    year = 1988,
    pagetotal = {19},
    language = {français},
    keywords = {collectif-crh, crh-1988}
    }

@incollection{Schnapper317-1988,
    author = {Schnapper, Dominique},
    editor = {L.Greenfeld and M.Martin},
    title = {Jewish Minorities and the State in the US, France, Argentina},
    booktitle = {Center, Ideas and Institutions},
    publisher = {University of Chicago Press},
    location = {Chicago},
    year = 1988,
    pagetotal = {25},
    language = {anglais},
    keywords = {collectif-crh, crh-1988}
    }

@incollection{Schnapper319-1988,
    author = {Schnapper, Dominique},
    editor = {Y.Lequin},
    title = {Le juif errant},
    booktitle = {La mosaïque France, histoire des étrangers et de l'immigration en France},
    publisher = {Larousse},
    location = {Paris},
    year = 1988,
    pagetotal = {17},
    language = {français},
    keywords = {collectif-crh, crh-1988}
    }

@incollection{Julia323-1988,
    author = {Julia, Dominique},
    editor = {?},
    title = {Une histoire en actes},
    booktitle = {Le voyage mystique. Michel de Certeau},
    publisher = {Cerf},
    location = {Paris},
    year = 1988,
    pagetotal = {21},
    language = {français},
    keywords = {collectif-crh, crh-1988}
    }

@incollection{Halevi361-1988,
    author = {Halevi, Ran-Yedid},
    editor = {C.Lucas},
    title = {La révolution constituante : les ambiguïtés politiques},
    booktitle = {The Political Culture of the French Revolution},
    publisher = {Pergamon Press},
    location = {Oxford},
    year = 1988,
    pagetotal = {},
    language = {français},
    keywords = {collectif-crh, crh-1988}
    }

@incollection{Goubert395-1988,
    author = {Goubert, Jean-Pierre},
    editor = {J.A.Tarr and G.Dupuy},
    title = {The development of Water and Sewerage System in France, 1850-1900},
    booktitle = {Technology and the Rise of the Networked City in Europe and America},
    publisher = {},
    location = {Philadelphie},
    year = 1988,
    pagetotal = {21},
    language = {anglais},
    keywords = {collectif-crh, crh-1988}
    }

@incollection{Goubert396-1988,
    author = {Goubert, Jean-Pierre},
    editor = {A.Brändströrm and L.G.Tedebrand},
    title = {Sanitary Standard, State Policy and Town Involvement : The Example of Water in 19th Century France},
    booktitle = {Society, Health and Population during the Demographic Transition},
    publisher = {},
    location = {Stockholm},
    year = 1988,
    pagetotal = {14},
    language = {anglais},
    keywords = {collectif-crh, crh-1988}
    }

@incollection{Goubert402-1988,
    author = {Goubert, Jean-Pierre},
    editor = {M.Vovelle},
    title = {Hygiène et Santé des Français},
    booktitle = {L'état de la France pendant la Révolution},
    publisher = {},
    location = {Paris},
    year = 1988,
    pagetotal = {3},
    language = {français},
    keywords = {collectif-crh, crh-1988}
    }

@incollection{Goubert407-1988,
    author = {Goubert, Jean-Pierre},
    editor = {M.Vovelle},
    title = {Maladies et carences},
    booktitle = {L'état de la France pendant la Révolution},
    publisher = {},
    location = {Paris},
    year = 1988,
    pagetotal = {2},
    language = {français},
    keywords = {collectif-crh, crh-1988}
    }

@incollection{Vincent411-1988,
    author = {Vincent, Bernard},
    editor = {J.P.Bardet and P.Bourdelais and P.Guillaume and F.Lebrun and C.Quétel},
    title = {Le choléra en Espagne au XIXe siècle},
    booktitle = {Peurs et terreurs face à la contagion},
    publisher = {},
    location = {Paris},
    year = 1988,
    pagetotal = {16},
    language = {français},
    keywords = {collectif-crh, crh-1988}
    }

@incollection{Furet471-1988,
    author = {Furet, François},
    editor = {C.Lucas},
    title = {Révolution française et Révolution jacobine},
    booktitle = {The Political Culture of the French Revolution},
    publisher = {Pergamon Press},
    location = {Oxford},
    year = 1988,
    pagetotal = {10},
    language = {français},
    keywords = {collectif-crh, crh-1988}
    }

@incollection{Guelle480-1988,
    author = {Guelle, Françoise},
    editor = {C.Mercier},
    title = {Les investissements industriels japonnais en France},
    booktitle = {Japon, stratégies industrielles et enjeux sociaux},
    publisher = {Presses universitaires de Lyon},
    location = {Lyon},
    year = 1988,
    pagetotal = {32},
    language = {français},
    keywords = {collectif-crh, crh-1988}
    }

@incollection{Guelle481-1988,
    author = {Guelle, Françoise and S. Sei},
    editor = {C.Mercier},
    title = {Les stratégies de l'industrie automobile japonnaise en Amérique du Nord},
    booktitle = {Japon, stratégies industrielles et enjeux sociaux},
    publisher = {Presses universitaires de Lyon},
    location = {Lyon},
    year = 1988,
    pagetotal = {41},
    language = {français},
    keywords = {collectif-crh, crh-1988}
    }

@incollection{Fridenson491-1988,
    author = {Fridenson, Patrick},
    editor = {J.Kocka},
    title = {Herrschaft im Wirtschaftsunternehmen. Deutschland und Frankreich 1880-1914},
    booktitle = {Bürgertum im 19. Jahrhundert, tome 1},
    publisher = {},
    location = {Munich},
    year = 1988,
    pagetotal = {27},
    language = {allemand},
    keywords = {collectif-crh, crh-1988}
    }

@incollection{Guelle493-1988,
    author = {Guelle, Françoise},
    editor = {J.F.Sabouret},
    title = {Les investissements japonnais en France},
    booktitle = {L'état du Japon},
    publisher = {La Découverte},
    location = {Paris},
    year = 1988,
    pagetotal = {2},
    language = {français},
    keywords = {collectif-crh, crh-1988}
    }

@incollection{Fridenson523-1988,
    author = {Fridenson, Patrick},
    editor = {R.Wall and J.Winter},
    title = {The impact of the First World War on French workers},
    booktitle = {The upheaval of war},
    publisher = {},
    location = {Cambridge},
    year = 1988,
    pagetotal = {14},
    language = {anglais},
    keywords = {collectif-crh, crh-1988}
    }

@incollection{Fridenson537-1988,
    author = {Fridenson, Patrick},
    editor = {W.Abelshauser},
    title = {Wandlungen und Krisen der Gewerkschaftsstrategien in Frankreich seit 1939},
    booktitle = {Konflikt und Kooperation},
    publisher = {},
    location = {Essen},
    year = 1988,
    pagetotal = {18},
    language = {allemand},
    keywords = {collectif-crh, crh-1988}
    }

@incollection{Tenenti541-1988,
    author = {Tenenti, Alberto},
    editor = {?},
    title = {Les milieux sociaux et l'art en Europe : XIIIe-XVIIIe siècles},
    booktitle = {Annals de la 4e Universitat d'Estiu Andorra 85. Fenomens de desigualtats},
    publisher = {},
    location = {Andorre},
    year = 1988,
    pagetotal = {7},
    language = {français},
    keywords = {collectif-crh, crh-1988}
    }

@incollection{Fauve650-1988,
    author = {Fauve-Chamoux, Antoinette},
    editor = {J. Dupaquier},
    title = {Les structures familiales en France aux XVIIe et XVIIIe siècles},
    booktitle = {Histoire de la Population française},
    publisher = {PUF},
    location = {Paris},
    year = 1988,
    pagetotal = {31},
    language = {français},
    keywords = {collectif-crh, crh-1988}
    }

@incollection{Klapisch725-1988,
    author = {Klapisch-Zuber, Christiane},
    editor = {J.Dupâquier},
    title = {La famille médiévale},
    booktitle = {Histoire de la population française},
    publisher = {PUF},
    location = {Paris},
    year = 1988,
    pagetotal = {50},
    language = {français},
    keywords = {collectif-crh, crh-1988}
    }

@incollection{Klapisch767-1988,
    author = {Klapisch-Zuber, Christiane},
    editor = {L.Ferrante and Al.},
    title = {Patroni celesti per bambini e bambine al momento del battesimo (Firenze, secc. XIV-XV)},
    booktitle = {La ragnatela dei rapporti : 'Patronage' e reti di relazione nella storia delle donne},
    publisher = {Rosenberg e Sellier},
    location = {Turin},
    year = 1988,
    pagetotal = {10},
    language = {italien},
    keywords = {collectif-crh, crh-1988}
    }

@incollection{Klapisch778-1988,
    author = {Klapisch-Zuber, Christiane},
    editor = {D.Romagnoli},
    title = {Fonti e metodi per la storia demografica del tardo Medioevo : nascita e morte nelle famiglie fiorentine},
    booktitle = {Storia e storie della città},
    publisher = {Pratiche Editrice},
    location = {Parme},
    year = 1988,
    pagetotal = {10},
    language = {italien},
    keywords = {collectif-crh, crh-1988}
    }

@incollection{Flandrin808-1988,
    author = {Flandrin, Jean-Louis},
    editor = {?},
    title = {Vins d'hier : fonctions et usages sociaux},
    booktitle = {La vigne et le vin},
    publisher = {Cité des sciences et de l'industrie de la Villette/La Mnufacture},
    location = {Paris/Lyon},
    year = 1988,
    pagetotal = {9},
    language = {français},
    keywords = {collectif-crh, crh-1988}
    }

@incollection{Perrot1663-1988,
    author = {Perrot, Jean-Claude},
    editor = {J.Dupâquier},
    title = {Les économistes, les philosophes et la population},
    booktitle = {Histoire de la population française},
    publisher = {PUF},
    location = {Paris},
    year = 1988,
    pagetotal = {53},
    language = {français},
    keywords = {collectif-crh, crh-1988}
    }

@incollection{Dupaquier1823-1988,
    author = {Dupaquier, Jacques},
    editor = {?},
    title = {Un grand remue-ménage démographique ?},
    booktitle = {L'Etat de la France pendant la Révolution, 1789-1799},
    publisher = {La Découverte},
    location = {Paris},
    year = 1988,
    pagetotal = {},
    language = {français},
    keywords = {collectif-crh, crh-1988}
    }

@incollection{Dupaquier1826-1988,
    author = {Dupaquier, Jacques},
    editor = {?},
    title = {Espérance de vie et mort},
    booktitle = {L'Etat de la France pendant la Révolution, 1789-1799},
    publisher = {La Découverte},
    location = {Paris},
    year = 1988,
    pagetotal = {},
    language = {français},
    keywords = {collectif-crh, crh-1988}
    }

@incollection{Bergeron2028-1988,
    author = {Bergeron, Louis},
    editor = {?},
    title = {Les conséquences économiques de la Révolution de 1789},
    booktitle = {Ecorama 88-89},
    publisher = {Nathan},
    location = {Paris},
    year = 1988,
    pagetotal = {9},
    language = {français},
    keywords = {collectif-crh, crh-1988}
    }

@incollection{Mouradian2122-1988,
    author = {Mouradian, Claire},
    editor = {J.P.Mazhé and R.H.Kevorkian},
    title = {Les Arméniens au XIXe siècle},
    booktitle = {Arménie 3000 ans d'histoire},
    publisher = {},
    location = {Marseille/Venise},
    year = 1988,
    pagetotal = {12},
    language = {français},
    keywords = {collectif-crh, crh-1988}
    }

@incollection{Bardet2749-1988,
    author = {Bardet, Jean-Pierre},
    editor = {J. Dupâquier},
    title = {La fécondité.},
    booktitle = {Histoire de la Population française},
    publisher = {PUF},
    location = {Paris},
    year = 1988,
    pagetotal = {43},
    language = {français},
    keywords = {collectif-crh, crh-1988}
    }

@incollection{Baulant2757-1988,
    author = {Baulant, Micheline},
    editor = {M.Baulant and A.J.Schurman and P.Servais},
    title = {Nécessité de vivre et besoin de paraître. Les inventaires et la vie quotidienne},
    booktitle = {Inventaires après décès et ventes de meubles. Apports à une histoire de la vie économique et quotidienne, XIVe-XIXe siècles},
    publisher = {},
    location = {Louvain},
    year = 1988,
    pagetotal = {9},
    language = {français},
    keywords = {collectif-crh, crh-1988}
    }

@incollection{Baulant2758-1988,
    author = {Baulant, Micheline},
    editor = {M.Baulant and A.J.Schurman and P.Servais},
    title = {Age du fer, âge du chêne. Les matériaux des objets quotidiens en Brie au XVIIe et XVIIIe siècles},
    booktitle = {Inventaires après décès et ventes de meubles. Apports à une histoire de la vie économique et quotidienne, XIVe-XIXe siècles},
    publisher = {},
    location = {Louvain},
    year = 1988,
    pagetotal = {19},
    language = {français},
    keywords = {collectif-crh, crh-1988}
    }

@incollection{Benoit2772-1988,
    author = {Benoit, Serge},
    editor = {?},
    title = {Les forges de Buffon},
    booktitle = {Buffon, 1788-1988},
    publisher = {},
    location = {},
    year = 1988,
    pagetotal = {24},
    language = {français},
    keywords = {collectif-crh, crh-1988}
    }

@incollection{Chartier2896-1988,
    author = {Chartier, Roger},
    editor = {M. Poulain},
    title = {Textes, imprimés, lectures},
    booktitle = {Pour une sociologie de la lecture. Lectures et lecteurs dans la France contemporaine},
    publisher = {},
    location = {},
    year = 1988,
    pagetotal = {18},
    language = {français},
    keywords = {collectif-crh, crh-1988}
    }

@incollection{Chartier2897-1988,
    author = {Chartier, Roger},
    editor = {G.Smolka-Koerdt and P.M.Spangenberg and D.Tillmann-Bartylla},
    title = {Entre littérature et lecture, la culture de l'imprimé},
    booktitle = {Der Ursprung von Literatur, Medien, Rollen, Kommunikations-situationen zwischen 1450 und 1650},
    publisher = {W.Fink Verlag},
    location = {Munich},
    year = 1988,
    pagetotal = {13},
    language = {français},
    keywords = {collectif-crh, crh-1988}
    }

@incollection{Chartier2898-1988,
    author = {Chartier, Roger},
    editor = {Cl. Galarneau and M. Lemire},
    title = {L'édition française du premier XIXe siècle},
    booktitle = {Livre et lecture au Québec (1800-1850)},
    publisher = {},
    location = {},
    year = 1988,
    pagetotal = {15},
    language = {français},
    keywords = {collectif-crh, crh-1988}
    }

@incollection{Chartier2899-1988,
    author = {Chartier, Roger},
    editor = {B.Michon},
    title = {Questions sur l'histoire du sport},
    booktitle = {Sciences Sociales et Sports. Etats et perspectives},
    publisher = {UFR-STAPS, université des sciences humaines de Strasbourg},
    location = {Strasbourg},
    year = 1988,
    pagetotal = {11},
    language = {français},
    keywords = {collectif-crh, crh-1988}
    }

@incollection{Daumard2949-1988,
    author = {Daumard, Adeline},
    editor = {?},
    title = {Noblesse et aristocratie en France au XIXe siècle},
    booktitle = {Les noblesses européennes au XIXe siècle},
    publisher = {Collection de l'Ecole française de Rome},
    location = {Rome},
    year = 1988,
    pagetotal = {24},
    language = {français},
    keywords = {collectif-crh, crh-1988}
    }

@incollection{Demelas2962-1988,
    author = {Demelas-Bohy, Marie-Danièle},
    editor = {?},
    title = {Les architectes de mondes. A propos des premiers préfets de Santa-Cruz-de-la-Sierra (1825-1827)},
    booktitle = {Institutions coloniales et réalités sociales en Amérique espagnole},
    publisher = {Centre de recherches inter-universitaire sur l'Amérique espagnole coloniale},
    location = {Paris},
    year = 1988,
    pagetotal = {27},
    language = {français},
    keywords = {collectif-crh, crh-1988}
    }

@incollection{Derouet2972-1988,
    author = {Derouet, Bernard},
    editor = {?},
    title = {Le patrimoine et l'héritage},
    booktitle = {L'état de la France pendant la Révolution},
    publisher = {La découverte},
    location = {Paris},
    year = 1988,
    pagetotal = {3},
    language = {français},
    keywords = {collectif-crh, crh-1988}
    }

@incollection{Fauve3024-1988,
    author = {Fauve-Chamoux, Antoinette},
    editor = {?},
    title = {Tendances actuelles autour de la famille en France},
    booktitle = {La famiglia ieri e oggi},
    publisher = {},
    location = {Bari},
    year = 1988,
    pagetotal = {},
    language = {français},
    keywords = {collectif-crh, crh-1988}
    }

@incollection{Fontanon3050-1988,
    author = {Fontanon, Claudine},
    editor = {A. Fourcaut).},
    title = {L'industrialisation de la banlieue parisienne (1860-1960)},
    booktitle = {Un siècle de banlieue parisienne (1859-1964). Guide de la recherche},
    publisher = {L'Harmattan},
    location = {Paris},
    year = 1988,
    pagetotal = {33},
    language = {français},
    keywords = {collectif-crh, crh-1988}
    }

@incollection{Froeschle3079-1988,
    author = {Froeschle-Chopard, Marie-Hélène},
    editor = {?},
    title = {Les confréries de la Provence à la Savoie. Continuités et contrastes},
    booktitle = {Vie religieuse en Savoie, Mentalités Associations},
    publisher = {},
    location = {Annecy},
    year = 1988,
    pagetotal = {14},
    language = {français},
    keywords = {collectif-crh, crh-1988}
    }

@incollection{Froeschle3080-1988,
    author = {Froeschle-Chopard, Marie-Hélène},
    editor = {M.H.Froeschlé-Chopard},
    title = {Les confréries dans le temps et dans l'espace. Pénitents et Saint-Sacrement},
    booktitle = {Les Confréries, l'Eglise et la Cité},
    publisher = {},
    location = {Grenoble},
    year = 1988,
    pagetotal = {31},
    language = {français},
    keywords = {collectif-crh, crh-1988}
    }

@incollection{Froeschle3081-1988,
    author = {Froeschle-Chopard, Marie-Hélène},
    editor = {M.H.Froeschlé-Chopard},
    title = {Bibliographie},
    booktitle = {Les Confréries, l'Eglise et la Cité},
    publisher = {},
    location = {Grenoble},
    year = 1988,
    pagetotal = {5},
    language = {français},
    keywords = {collectif-crh, crh-1988}
    }

@incollection{Froeschle3082-1988,
    author = {Froeschle-Chopard, Marie-Hélène},
    editor = {M.H.Froeschlé-Chopard},
    title = {Pénitents et sociétés populaires en Provence orientale},
    booktitle = {Les Confréries, l'Eglise et la Cité},
    publisher = {},
    location = {Grenoble},
    year = 1988,
    pagetotal = {14},
    language = {français},
    keywords = {collectif-crh, crh-1988}
    }

@incollection{Froeschle3085-1988,
    author = {Froeschle-Chopard, Marie-Hélène},
    editor = {?},
    title = {Le déclin des confréries de pénitents après la Révolution},
    booktitle = {Les confréries de pénitents (Dauphiné-Provence)},
    publisher = {},
    location = {Valence},
    year = 1988,
    pagetotal = {15},
    language = {français},
    keywords = {collectif-crh, crh-1988}
    }

@incollection{Nahoum3124-1988,
    author = {Nahoum-Grappe, Véronique},
    editor = {M. Vovelle},
    title = {Que mangent les français au XVIIIe siècle},
    booktitle = {Etat de la France pendant la Révolution},
    publisher = {},
    location = {},
    year = 1988,
    pagetotal = {3},
    language = {français},
    keywords = {collectif-crh, crh-1988}
    }

@incollection{Grenier3140-1988,
    author = {Grenier, Jean-Yves},
    editor = {J.Dupâquier},
    title = {Les conséquences économiques de la déstabilisation démographique au XVIIIe siècle},
    booktitle = {Histoire de la population française},
    publisher = {PUF},
    location = {Paris},
    year = 1988,
    pagetotal = {},
    language = {français},
    keywords = {collectif-crh, crh-1988}
    }

@incollection{Grinberg3143-1988,
    author = {Grinberg, Martine},
    editor = {M. Boiteux and P.G. D'Ayala},
    title = {Les carnavals au Moyen Age et à la Renaissance},
    booktitle = {Carnavals et mascarades},
    publisher = {},
    location = {},
    year = 1988,
    pagetotal = {8},
    language = {français},
    keywords = {collectif-crh, crh-1988}
    }

@incollection{Julia3217-1988,
    author = {Julia, Dominique},
    editor = {M. Vovelle},
    title = {L'école : un gigantesque effort pédagogique},
    booktitle = {L'Etat de la France pendant la Révolution 1789-1799},
    publisher = {},
    location = {},
    year = 1988,
    pagetotal = {6},
    language = {français},
    keywords = {collectif-crh, crh-1988}
    }

@incollection{Julia3220-1988,
    author = {Julia, Dominique},
    editor = {M.Vovelle},
    title = {Un maître d'école jacobin : Germain Le Normand},
    booktitle = {L'état de la France pendant la Révolution, 1789-1799},
    publisher = {La découverte},
    location = {Paris},
    year = 1988,
    pagetotal = {3},
    language = {français},
    keywords = {collectif-crh, crh-1988}
    }

@incollection{LeGoff3276-1988,
    author = {Le Goff, Jacques},
    editor = {?},
    title = {Le merveilleux scientifique au Moyen Age},
    booktitle = {Zwischen Wahn, Glaube und Wissenschaft. Magie, Astrologie, Alchemie und Wissenschaftsgeschichte},
    publisher = {Verlag der Fachvereine},
    location = {Zurich},
    year = 1988,
    pagetotal = {27},
    language = {français},
    keywords = {collectif-crh, crh-1988}
    }

@incollection{LeMee3302-1988,
    author = {Le Mee, René and J. Dupaquier},
    editor = {J.Dupâquier},
    title = {La connaissance des faits démographiques au XIXe siècle (1790-1914)},
    booktitle = {Histoire de la population française},
    publisher = {PUF},
    location = {Paris},
    year = 1988,
    pagetotal = {42},
    language = {français},
    keywords = {collectif-crh, crh-1988}
    }

@incollection{Lepetit3317-1988,
    author = {Lepetit, Bernard and J. Dupaquier and J.-P. Poussou and D. Courgeau},
    editor = {J. Dupaquier},
    title = {Migrations et peuplement},
    booktitle = {Histoire de la population française, III - De 1789 à 1914},
    publisher = {PUF},
    location = {Paris},
    year = 1988,
    pagetotal = {61},
    language = {français},
    keywords = {collectif-crh, crh-1988}
    }

@incollection{Lepetit3318-1988,
    author = {Lepetit, Bernard},
    editor = {G. Dupuy},
    title = {L'impensable réseau : les routes françaises avant les chemins de fer},
    booktitle = {Réseaux territoriaux},
    publisher = {},
    location = {},
    year = 1988,
    pagetotal = {12},
    language = {français},
    keywords = {collectif-crh, crh-1988}
    }

@incollection{Lepetit3319-1988,
    author = {Lepetit, Bernard},
    editor = {G.Walter},
    title = {Les représentations de la ville. Pour quoi faire ?},
    booktitle = {Vivre et imaginer la ville, XVIIIe-XIXe siècles},
    publisher = {},
    location = {},
    year = 1988,
    pagetotal = {20},
    language = {français},
    keywords = {collectif-crh, crh-1988}
    }

@incollection{Netter3347-1988,
    author = {Netter, Marie-Laurence},
    editor = {?},
    title = {Le théâtre pendant la Révolution Française : instrument et miroir du politique},
    booktitle = {Mentalités et Représentations politiques},
    publisher = {Edires},
    location = {Roubaix},
    year = 1988,
    pagetotal = {},
    language = {français},
    keywords = {collectif-crh, crh-1988}
    }

@incollection{Ozouf3366-1988,
    author = {Ozouf, Mona},
    editor = {C.Lucas},
    title = {La Révolution française et l'idée de l'homme nouveau},
    booktitle = {The French Revolution and the Creation of Modern political Culture},
    publisher = {Pergamon Press},
    location = {Oxford},
    year = 1988,
    pagetotal = {},
    language = {français},
    keywords = {collectif-crh, crh-1988}
    }

@incollection{Piponnier3421-1988,
    author = {Piponnier, Françoise and J.-M. Pesez},
    editor = {?},
    title = {Les traces matérielles de la guerre sur un site archéologique},
    booktitle = {Castrum 3. Guerre, fortification et habitat dans le monde méditerranéen au Moyen Age},
    publisher = {},
    location = {Madrid/Rome},
    year = 1988,
    pagetotal = {6},
    language = {français},
    keywords = {collectif-crh, crh-1988}
    }

@incollection{Pomian3449-1988,
    author = {Pomian, Krzysztof},
    editor = {?},
    title = {Redaktor i Publicysta - o polityce Kultury},
    booktitle = {Kultura i jej krag 1946-1986},
    publisher = {},
    location = {Paris},
    year = 1988,
    pagetotal = {19},
    language = {polonais},
    keywords = {collectif-crh, crh-1988}
    }

@incollection{Reberioux3479-1988,
    author = {Reberioux, Madeleine},
    editor = {?},
    title = {Le mouvement syndical et les femmes jusqu'au Front populaire},
    booktitle = {Le féminisme et ses enjeux},
    publisher = {Edilig},
    location = {},
    year = 1988,
    pagetotal = {},
    language = {français},
    keywords = {collectif-crh, crh-1988}
    }

@incollection{Schmitt3538-1988,
    author = {Schmitt, Jean-Claude},
    editor = {J. Le Goff and R. Rémond},
    title = {Les superstitions},
    booktitle = {Histoire de la France religieuse},
    publisher = {},
    location = {},
    year = 1988,
    pagetotal = {135},
    language = {français},
    keywords = {collectif-crh, crh-1988}
    }

@incollection{Schmitt3539-1988,
    author = {Schmitt, Jean-Claude},
    editor = {Wolfgang Schluchter},
    title = {Vom Nutzen Max Webers für den Historiker und die Bilderfrage},
    booktitle = {Max Webers Sicht des okzidentalen Christentums. Interpretation und kritik},
    publisher = {},
    location = {Francfort},
    year = 1988,
    pagetotal = {45},
    language = {allemand},
    keywords = {collectif-crh, crh-1988}
    }

@incollection{Schnapper3562-1988,
    author = {Schnapper, Dominique},
    editor = {?},
    title = {Modernité et acculturations : le cas des travailleurs immigrés},
    booktitle = {Leer la Ciudad},
    publisher = {Icaria},
    location = {Barcelone},
    year = 1988,
    pagetotal = {32},
    language = {français},
    keywords = {collectif-crh, crh-1988}
    }

@incollection{Velay3603-1988,
    author = {Velay-Vallantin, Catherine},
    editor = {?},
    title = {Le livre de colportage français et le conte québécois},
    booktitle = {Livre et Lecture au Québec (1800-1850)},
    publisher = {IQRC},
    location = {Québec},
    year = 1988,
    pagetotal = {21},
    language = {français},
    keywords = {collectif-crh, crh-1988}
    }

@incollection{Vincent3611-1988,
    author = {Vincent, Bernard},
    editor = {?},
    title = {L'histoire moderne en Espagne},
    booktitle = {Theoretische geschiedeinis, Historiografie im Spanje},
    publisher = {},
    location = {},
    year = 1988,
    pagetotal = {10},
    language = {français},
    keywords = {collectif-crh, crh-1988}
    }

@incollection{Mouradian4733-1988,
    author = {Mouradian, Claire},
    editor = {J.P.Mazhé and R.H.Kevorkian},
    title = {L'Arménie soviétique},
    booktitle = {Arménie 3000 ans d'Histoire},
    publisher = {},
    location = {Marseille/Venise},
    year = 1988,
    pagetotal = {8},
    language = {français},
    keywords = {collectif-crh, crh-1988}
    }

@incollection{Mouradian4741-1988,
    author = {Mouradian, Claire},
    editor = {P.Ramet},
    title = {The American Apostolic Church},
    booktitle = {Eastern christianity and politics in the 2Oth century},
    publisher = {Duke University Press},
    location = {Durham/Londres},
    year = 1988,
    pagetotal = {22},
    language = {anglais},
    keywords = {collectif-crh, crh-1988}
    }

@incollection{Bourdelais5340-1988,
    author = {Bourdelais, Patrice},
    editor = {J. Dupaquier},
    title = {Le vieillissement de la population},
    booktitle = {Histoire de la population française},
    publisher = {PUF},
    location = {Paris},
    year = 1988,
    pagetotal = {15},
    language = {français},
    keywords = {collectif-crh, crh-1988}
    }

@incollection{Bardet5664-1988,
    author = {Bardet, Jean-Pierre},
    editor = {J.Dupâquier},
    title = {La chute de la fécondité},
    booktitle = {Histoire de la Population française},
    publisher = {PUF},
    location = {Paris},
    year = 1988,
    pagetotal = {28},
    language = {français},
    keywords = {collectif-crh, crh-1988}
    }

@incollection{Flandrin3041-1988,
    author = {Flandrin, Jean-Louis},
    editor = {},
    title = {préface},
    booktitle = {Le recueil de Riom et La manière de Henter Soutillement. Un livre de cuisine et un réceptaire sur les greffes du XVe siècle, (Le Moyen Age Français)},
    publisher = {Edition CERES},
    location = {Montréal},
    year = 1988,
    pagetotal = {5},
    language = {français},
    keywords = {preface-book-crh, crh-1988}
    }

@incollection{Peter3403-1988,
    author = {Peter, Jean-Pierre},
    editor = {},
    title = {préface: A la recherche des enfants perdus},
    booktitle = {Les enfants du malheur- enfants trouvés en Savoie au XIXe siècle},
    publisher = {},
    location = {Apremont},
    year = 1988,
    pagetotal = {6},
    language = {français},
    keywords = {preface-book-crh, crh-1988}
    }

@book{Andreau2732-1988,
    author = {Andreau, Jean},
    title = {Histoire économique et sociale du monde hellénistique},
    publisher = {},
    series = {},
    location = {Paris},
    year = 1988,
    pagetotal = {30},
    language = {français},
    % addendum = {Introduction, chronologie et bibliographie},
    keywords = {edition-txt-crh, crh-1988}
    }

@book{Chartier2902-1988,
    author = {Chartier, Roger},
    title = {El Tiempo de la Historia},
    publisher = {Paidos},
    series = {},
    location = {Buenos Aires},
    year = 1988,
    pagetotal = {27},
    language = {espagnol},
    % addendum = {La Amistad de la Historia, préface},
    keywords = {edition-txt-crh, crh-1988}
    }

@book{Revel3488-1988,
    author = {Revel, Jacques},
    title = {La Grande Peur, suivi de Foules révolutionnaires},
    publisher = {Armand Colin},
    series = {},
    location = {Paris},
    year = 1988,
    pagetotal = {19},
    language = {français},
    % addendum = {présentation},
    keywords = {edition-txt-crh, crh-1988}
    }

@report{Goubert3098-1988,
    author = {Goubert, Jean-Pierre and R. Bercovici and J. Csergo and I. Foucauld and F. Ghin},
    title = {Enjeux économiques et industriels. Les normes techniques et leurs relations avec les usages sociaux},
    publisher = {},
    institution = {Délégation à la recherche et à l'innovation du Ministère de l'urbanisme et du logement},
    location = {},
    year = 1988,
    pagetotal = {281},
    language = {français},
    keywords = {report-crh, crh-1988}
    }

@book{Pomian59-1988,
    author = {Pomian, Krzysztof},
    editor = {J.Le Goff and R.Chartier and J.Revel},
    title = {Histoire des structures},
    publisher = {Ed. Complexe},
    series = {},
    location = {Bruxelles},
    year = 1988,
    pagetotal = {28},
    language = {français},
    addendum = {réédition},
    keywords = {reedition-crh, crh-1988}
    }

@book{Schmitt826-1988,
    author = {Schmitt, Jean-Claude},
    editor = {J. Le Goff},
    title = {L'histoire des marginaux},
    publisher = {Ed.Complexe},
    series = {},
    location = {Bruxelles},
    year = 1988,
    pagetotal = {30},
    language = {français},
    addendum = {réédition},
    keywords = {reedition-crh, crh-1988}
    }

@book{Chartier2892-1988,
    author = {Chartier, Roger},
    editor = {},
    title = {Letture e lettori nella Francia di Antico Regime},
    publisher = {G. Einaudi (éd.)},
    series = {},
    location = {Torino},
    year = 1988,
    pagetotal = {},
    language = {italien},
    addendum = {réédition},
    keywords = {reedition-crh, crh-1988}
    }

@book{Hartog3174-1988,
    author = {Hartog, François},
    editor = {},
    title = {The mirror of Herodotus},
    publisher = {University of California Press},
    series = {},
    location = {Berkeley},
    year = 1988,
    pagetotal = {},
    language = {anglais},
    addendum = {réédition},
    keywords = {reedition-crh, crh-1988}
    }

@incollection{Hartog289-1988,
    author = {Hartog, François},
    editor = {?},
    title = {La curiosité pour le phénomène religieux},
    booktitle = {Atlas des Religions},
    publisher = {Encyclopedia Universalis},
    series = {},
    location = {},
    year = 1988,
    pagetotal = {5},
    language = {français},
    keywords = {outil-recherche-crh, crh-1988}
    }

@book{LeMee3300-1988,
    author = {Le Mee, René},
    editor = {},
    title = {Bibligraphie Internationale de Démographie historique 1987},
    publisher = {},
    series = {},
    location = {Liège},
    year = 1988,
    pagetotal = {},
    language = {français},
    keywords = {outil-recherche-crh, crh-1988}
    }

@incollection{Benoit1662-1988,
    author = {Benoit, Serge},
    editor = {D. Woronoff},
    title = {La consommation de combustible végétal et l'évolution des systèmes techniques},
    booktitle = {A.T.P. Histoire industrielle de la France. Forges et Forêts},
    publisher = {},
    series = {},
    location = {Paris},
    year = 1988,
    pagetotal = {80},
    language = {français},
    keywords = {art-rapport-crh, crh-1988}
    }

