@article{Pomian1-1989,
    author = {Pomian, Krzysztof},
    title = {Heller (Clémens)},
    journal = {Le Débat},
    year = 1989,
    language = {français},
    keywords = {art-crh, crh-1989}
    }

@article{Pomian25-1989,
    author = {Pomian, Krzysztof},
    title = {Nomenklatura},
    journal = {Le Débat},
    year = 1989,
    language = {français},
    keywords = {art-crh, crh-1989}
    }

@article{Pomian35-1989,
    author = {Pomian, Krzysztof},
    title = {Fabre (Jean)},
    journal = {Le Débat},
    year = 1989,
    language = {français},
    keywords = {art-crh, crh-1989}
    }

@article{Tenenti475-1989,
    author = {Tenenti, Alberto},
    title = {Le 'Annales' e la cultura materiale},
    journal = {Communità},
    year = 1989,
    language = {italien},
    keywords = {art-crh, crh-1989}
    }

@article{Tenenti546-1989,
    author = {Tenenti, Alberto},
    title = {Lucien Febvre e Fernand Braudel storici},
    journal = {En la Espana medieval},
    year = 1989,
    language = {italien},
    keywords = {art-crh, crh-1989}
    }

@article{Chartier863-1989,
    author = {Chartier, Roger},
    title = {Nyilvanossag es közvélemény},
    journal = {Vilagossag},
    year = 1989,
    language = {polonais},
    keywords = {art-crh, crh-1989}
    }

@article{Alexandre2711-1989,
    author = {Alexandre-Bidon, Danièle},
    title = {La lettre volée. Apprendre à lire à l'enfant au Moyen Age},
    journal = {Annales E.S.C.},
    year = 1989,
    language = {français},
    keywords = {art-crh, crh-1989}
    }

@article{Alleaume2712-1989,
    author = {Alleaume, Ghislaine},
    title = {La naissance du fonctionnaire},
    journal = {Egypte-Recompositions, Peuples méditerranéens},
    year = 1989,
    language = {français},
    keywords = {art-crh, crh-1989}
    }

@article{Andreau2730-1989,
    author = {Andreau, Jean},
    title = {De la Grèce à Rome : transmission et évolution des techniques de changeurs-banquiers},
    journal = {Cahiers du Centre de Recherches Historiques},
    year = 1989,
    language = {français},
    keywords = {art-crh, crh-1989}
    }

@article{Andreau2731-1989,
    author = {Andreau, Jean},
    title = {Recherches récentes sur les mines à l'époque romaine, I. Propriété et mode d'exploitation},
    journal = {Revue numismatique},
    year = 1989,
    language = {français},
    keywords = {art-crh, crh-1989}
    }

@article{Arbellot2734-1989,
    author = {Arbellot, Guy},
    title = {Voyages et voyageurs au temps de la Révolution française},
    journal = {Annales de la recherche urbaine},
    year = 1989,
    language = {français},
    keywords = {art-crh, crh-1989}
    }

@article{Aymard2743-1989,
    author = {Aymard, Maurice},
    title = {L'Economie italienne au XVIIe siècle},
    journal = {Bulletin de la Société d'Histoire Moderne},
    year = 1989,
    language = {français},
    keywords = {art-crh, crh-1989}
    }

@article{Baulant2760-1989,
    author = {Baulant, Micheline},
    title = {L'enfant de Brie avec ou sans famille, XVIIe-XVIIIe siècles},
    journal = {Bulletin de la Société littéraire et historique de la Brie},
    year = 1989,
    language = {français},
    keywords = {art-crh, crh-1989}
    }

@article{Baulant2761-1989,
    author = {Baulant, Micheline},
    title = {L'appréciation du niveau de vie. Un problème, une solution},
    journal = {Histoire et Mesure},
    year = 1989,
    language = {français},
    keywords = {art-crh, crh-1989}
    }

@article{Bavant2765-1989,
    author = {Bavant, Bernard},
    title = {Cadre de vie et habitat urbain en Italie centrale bysantine (XVe-VIIIe siècles)},
    journal = {Mélanges de l'Ecole Française de Rome. Moyen Age},
    year = 1989,
    language = {français},
    keywords = {art-crh, crh-1989}
    }

@article{Benoit2775-1989,
    author = {Benoit, Serge and G. Emptoz and Cl. Fontanon},
    title = {Une banque de données en développement sur la mécanisation de la France},
    journal = {Cahiers du Centre de Recherches Historiques},
    year = 1989,
    language = {français},
    keywords = {art-crh, crh-1989}
    }

@article{Benoit2776-1989,
    author = {Benoit, Serge},
    title = {L'eau, énergie de l'Eure},
    journal = {Connaissance de l'Eure},
    year = 1989,
    language = {français},
    keywords = {art-crh, crh-1989}
    }

@article{Benoit2777-1989,
    author = {Benoit, Serge},
    title = {Les échanges de technologie entre la France et le monde anglo-américain à l'ère de l'industrialisation : le cas des moteurs hydrauliques},
    journal = {Cahiers du Centre de Recherches Historiques},
    year = 1989,
    language = {français},
    keywords = {art-crh, crh-1989}
    }

@article{Bergeron2788-1989,
    author = {Bergeron, Louis},
    title = {Les Friches industrielles},
    journal = {Universalia},
    year = 1989,
    language = {français},
    keywords = {art-crh, crh-1989}
    }

@article{Berlioz2800-1989,
    author = {Berlioz, Jacques},
    title = {Etienne de Bourbon, l'inquisiteur exemplaire},
    journal = {L'Histoire},
    year = 1989,
    language = {français},
    keywords = {art-crh, crh-1989}
    }

@article{Berlioz2801-1989,
    author = {Berlioz, Jacques},
    title = {Le véritable père du 'Petit Chaperon Rouge'},
    journal = {L'Histoire},
    year = 1989,
    language = {français},
    keywords = {art-crh, crh-1989}
    }

@article{Berlioz2802-1989,
    author = {Berlioz, Jacques},
    title = {Donne senz'anima. Un pregiudizio anticipato al ledioevo},
    journal = {Storia e dossier},
    year = 1989,
    language = {italien},
    keywords = {art-crh, crh-1989}
    }

@article{Berlioz2803-1989,
    author = {Berlioz, Jacques},
    title = {Exemplum et histoire. Césaire de Heisterbach (v. 1180 v. 1240) et la croisade albigeoise},
    journal = {Bibliothèque de l'Ecole des Chartes},
    year = 1989,
    language = {français},
    keywords = {art-crh, crh-1989}
    }

@article{Berlioz2804-1989,
    author = {Berlioz, Jacques},
    title = {L'homme au lézard. Une légende bourguignonne du XIIe siècle (Gautier Map, <Vvi>De Nugis curialium</Vvi>, II, 5)},
    journal = {Pays de Bourgogne},
    year = 1989,
    language = {français},
    keywords = {art-crh, crh-1989}
    }

@article{Berlioz2805-1989,
    author = {Berlioz, Jacques},
    title = {L'auditoire des prédicateurs dans la littérature des 'exempla' (XIIIe-XIVe siècles)},
    journal = {Medioevo e Rinascimento},
    year = 1989,
    language = {français},
    keywords = {art-crh, crh-1989}
    }

@article{Berlioz2806-1989,
    author = {Berlioz, Jacques},
    title = {Pouvoirs et contrôle de la croyance : la question de la procréation démoniaque chez Guillaume d'Auvergne (vers 1180-1249)},
    journal = {Razo. Cahiers du Centre d'Etudes Médiévales de Nice},
    year = 1989,
    language = {français},
    keywords = {art-crh, crh-1989}
    }

@article{Berthe2812-1989,
    author = {Berthe, Jean-Pierre},
    title = {Xochimancas. Los trabajos y los dias en una hacienda azucarera de la Nueva Espana del siglo XVII},
    journal = {Estudios Sociales},
    year = 1989,
    language = {espagnol},
    keywords = {art-crh, crh-1989}
    }

@article{Bourdelais2824-1989,
    author = {Bourdelais, Patrice},
    title = {Contagions d'hier et d'aujourd'hui},
    journal = {Sciences sociales et Santé, Sociétés à l'épreuve du SIDA},
    year = 1989,
    language = {français},
    keywords = {art-crh, crh-1989}
    }

@article{Bourdelais2825-1989,
    author = {Bourdelais, Patrice},
    title = {Vieillissement de la population ou artefact statistique ?},
    journal = {Gérontologie et Société},
    year = 1989,
    language = {français},
    keywords = {art-crh, crh-1989}
    }

@article{Bourdelais2826-1989,
    author = {Bourdelais, Patrice},
    title = {Le vieillissement de la population française},
    journal = {L'Histoire},
    year = 1989,
    language = {français},
    keywords = {art-crh, crh-1989}
    }

@article{Bourdelais2827-1989,
    author = {Bourdelais, Patrice},
    title = {L'histoire de la médecine est devenue celle des maladies du corps et de la santé},
    journal = {Préfaces},
    year = 1989,
    language = {français},
    keywords = {art-crh, crh-1989}
    }

@article{Bourdelais2828-1989,
    author = {Bourdelais, Patrice},
    title = {Employés de la Grande Industrie : les dessinateurs du Creusot, formations et carrières (1850-1914)},
    journal = {Histoire, Economie et Société},
    year = 1989,
    language = {français},
    keywords = {art-crh, crh-1989}
    }

@article{Braunstein2851-1989,
    author = {Braunstein, Philippe},
    title = {Leggende 'welsche' e itinerari slesiani : la prospezione mineraria nel Quattrocento},
    journal = {Quaderni Storici},
    year = 1989,
    language = {italien},
    keywords = {art-crh, crh-1989}
    }

@article{Burguiere2861-1989,
    author = {Burguiere, André},
    title = {De l'esprit de maison à la famille-souche ou les voies de l'autochtomie},
    journal = {Sociétés},
    year = 1989,
    language = {français},
    keywords = {art-crh, crh-1989}
    }

@article{Burguiere2862-1989,
    author = {Burguiere, André},
    title = {Shakai Kagaqu kiki to rekishigaku. Annales no konnichi teki kadai},
    journal = {Shisoh (La Pensée)},
    year = 1989,
    language = {japonais},
    keywords = {art-crh, crh-1989}
    }

@article{Chartier2911-1989,
    author = {Chartier, Roger},
    title = {Le monde comme représentation},
    journal = {Annales E.S.C.},
    year = 1989,
    language = {français},
    keywords = {art-crh, crh-1989}
    }

@article{Chartier2912-1989,
    author = {Chartier, Roger},
    title = {Qu'est-ce qu'une discipline ? Luigi Einaudi et l'histoire de l'économie politique},
    journal = {Revue de Synthèse},
    year = 1989,
    language = {français},
    keywords = {art-crh, crh-1989}
    }

@article{Chartier2913-1989,
    author = {Chartier, Roger},
    title = {De l'histoire du livre à l'histoire de la lecture : les trajectoires françaises},
    journal = {Archives et Bibliothèques de Belgique/Archief-en Bibliotheekwezen in België},
    year = 1989,
    language = {français},
    keywords = {art-crh, crh-1989}
    }

@article{Chartier2915-1989,
    author = {Chartier, Roger},
    title = {Gens à histoires, gens sans histoires},
    journal = {Politix},
    year = 1989,
    language = {français},
    keywords = {art-crh, crh-1989}
    }

@article{Chartier2916-1989,
    author = {Chartier, Roger and P. Bourdieu},
    title = {La lecture : une pratique culturelle},
    journal = {Iichiko},
    year = 1989,
    language = {japonais},
    keywords = {art-crh, crh-1989}
    }

@article{Chartier2917-1989,
    author = {Chartier, Roger},
    title = {Deporte, religion y violencia. Debate entre A. Ehrenberg, R. Chartier Y.-M. Augé},
    journal = {Planeta deporte},
    year = 1989,
    language = {espagnol},
    keywords = {art-crh, crh-1989}
    }

@article{Chase2922-1989,
    author = {Chase, Jane},
    title = {New York, du port à la ville. La construction de l'espace urbain 1750-1820},
    journal = {Annales E.S.C.},
    year = 1989,
    language = {français},
    keywords = {art-crh, crh-1989}
    }

@article{Chaussinand2935-1989,
    author = {Chaussinand-Nogaret, Guy},
    title = {L'irrésistible ascension d'un Robespierre botté},
    journal = {L'Histoire},
    year = 1989,
    language = {français},
    keywords = {art-crh, crh-1989}
    }

@article{Chaussinand2936-1989,
    author = {Chaussinand-Nogaret, Guy},
    title = {Les métamorphoses du principe aristocratique},
    journal = {Le Débat},
    year = 1989,
    language = {français},
    keywords = {art-crh, crh-1989}
    }

@article{Debert2956-1989,
    author = {Debert, Aline},
    title = {Les associations professionnelles de bibliothécaires et de documentalistes},
    journal = {Livres hebdo},
    year = 1989,
    language = {français},
    keywords = {art-crh, crh-1989}
    }

@article{Demelas2964-1989,
    author = {Demelas-Bohy, Marie-Danièle and M. Renaud},
    title = {Instabilité, réseaux et partis. Un prototype de système expert appliqué à de l'histoire politique},
    journal = {Mathématiques, Informatique et Sciences sociales},
    year = 1989,
    language = {français},
    keywords = {art-crh, crh-1989}
    }

@article{Demelas2965-1989,
    author = {Demelas-Bohy, Marie-Danièle},
    title = {Ah, ça ira, ça ira, ça ira !},
    journal = {America latina},
    year = 1989,
    language = {français},
    keywords = {art-crh, crh-1989}
    }

@article{Depeyrot2969-1989,
    author = {Depeyrot, Georges and A. Akerraz and M. Amandry and N. El Khatib-Boujibar and A. Hesnard and A. Kermorvant and E. and M. Lenoir and G. Monthel},
    title = {Recherches archéologiques récentes à Dchar Jdid (Zilil) : les découvertes monétaires},
    journal = {Bulletin de la Société française de numismatique},
    year = 1989,
    language = {français},
    keywords = {art-crh, crh-1989}
    }

@article{Derouet2973-1989,
    author = {Derouet, Bernard},
    title = {Pratiques successorales et rapport à la terre : les sociétés paysannes d'Ancien Régime},
    journal = {Annales E.S.C.},
    year = 1989,
    language = {français},
    keywords = {art-crh, crh-1989}
    }

@article{Derouet2974-1989,
    author = {Derouet, Bernard},
    title = {La France à l'heure du partage},
    journal = {Regards sur le foncier},
    year = 1989,
    language = {français},
    keywords = {art-crh, crh-1989}
    }

@article{Dupaquier2999-1989,
    author = {Dupaquier, Jacques},
    title = {Vers une statistique nationale des divorces sous la première République},
    journal = {Populations et culture},
    year = 1989,
    language = {français},
    keywords = {art-crh, crh-1989}
    }

@article{Dupaquier3003-1989,
    author = {Dupaquier, Jacques},
    title = {Le plein rural en France},
    journal = {Espaces, Population, Sociétés},
    year = 1989,
    language = {français},
    keywords = {art-crh, crh-1989}
    }

@article{Dupaquier3004-1989,
    author = {Dupaquier, Jacques},
    title = {Problèmes de représentabilité dans l'enquête des 3000 familles},
    journal = {Histoire et Mesure},
    year = 1989,
    language = {français},
    keywords = {art-crh, crh-1989}
    }

@article{Dupaquier3005-1989,
    author = {Dupaquier, Jacques},
    title = {Le prénom de famille est-il un mythe ?},
    journal = {Histoire et Généalogie},
    year = 1989,
    language = {français},
    keywords = {art-crh, crh-1989}
    }

@article{Elboudrari3007-1989,
    author = {Elboudrari, Hassan},
    title = {Séduire Dieu et les hommes},
    journal = {Psychanalystes},
    year = 1989,
    language = {français},
    keywords = {art-crh, crh-1989}
    }

@article{Emptoz3009-1989,
    author = {Emptoz, Gérard},
    title = {Michel-Eugène Chevreul, un savant dans son siècle},
    journal = {Revue Française des Corps Gras},
    year = 1989,
    language = {français},
    keywords = {art-crh, crh-1989}
    }

@article{Fauve3025-1989,
    author = {Fauve-Chamoux, Antoinette},
    title = {Comparative perspectives on nuptiality, household formation and fertility},
    journal = {The Latin American Population History Bulletin},
    year = 1989,
    language = {anglais},
    keywords = {art-crh, crh-1989}
    }

@article{Favre3026-1989,
    author = {Favre-Lejeune, Christine},
    title = {Les députés de la noblesse à l'Assemblée Nationale Constituante},
    journal = {Histoire et Généalogie},
    year = 1989,
    language = {français},
    keywords = {art-crh, crh-1989}
    }

@article{Flandrin3043-1989,
    author = {Flandrin, Jean-Louis},
    title = {Le goût a son histoire},
    journal = {Autrement},
    year = 1989,
    language = {français},
    keywords = {art-crh, crh-1989}
    }

@article{Flandrin3044-1989,
    author = {Flandrin, Jean-Louis},
    title = {Le lent cheminement de l'innovation alimentaire},
    journal = {Autrement},
    year = 1989,
    language = {français},
    keywords = {art-crh, crh-1989}
    }

@article{Flandrin3045-1989,
    author = {Flandrin, Jean-Louis},
    title = {Festins d'antan},
    journal = {Sciences et Avenir},
    year = 1989,
    language = {français},
    keywords = {art-crh, crh-1989}
    }

@article{Flandrin3046-1989,
    author = {Flandrin, Jean-Louis},
    title = {Grammaire du repas français. Esquisse historique},
    journal = {Lettre internationale},
    year = 1989,
    language = {français},
    keywords = {art-crh, crh-1989}
    }

@article{Fontanon3053-1989,
    author = {Fontanon, Claudine and S. Benoît and G. Emptoz},
    title = {Une banque de données en développement sur la mécanisation de la France},
    journal = {Cahiers du Centre de Recherches Historiques},
    year = 1989,
    language = {français},
    keywords = {art-crh, crh-1989}
    }

@article{Fridenson3063-1989,
    author = {Fridenson, Patrick},
    title = {La question de la voiture populaire en France de 1930 à 1950},
    journal = {Culture technique},
    year = 1989,
    language = {français},
    keywords = {art-crh, crh-1989}
    }

@article{Fridenson3064-1989,
    author = {Fridenson, Patrick},
    title = {Les ouvriers de l'automobile et le sport},
    journal = {Actes de la Recherche en Sciences Sociales},
    year = 1989,
    language = {français},
    keywords = {art-crh, crh-1989}
    }

@article{Fridenson3065-1989,
    author = {Fridenson, Patrick},
    title = {Les organisations, un nouvel objet},
    journal = {Annales E.S.C.},
    year = 1989,
    language = {français},
    keywords = {art-crh, crh-1989}
    }

@article{Fridenson3067-1989,
    author = {Fridenson, Patrick},
    title = {Etat-industrie : la tradition française},
    journal = {Regards sur l'actualité},
    year = 1989,
    language = {français},
    keywords = {art-crh, crh-1989}
    }

@article{Goubert3104-1989,
    author = {Goubert, Jean-Pierre},
    title = {L'eau, la crise et le remède dans l'ancien et le nouveau monde (1840-1990)},
    journal = {Annales E.S.C.},
    year = 1989,
    language = {français},
    keywords = {art-crh, crh-1989}
    }

@article{Goy3112-1989,
    author = {Goy, Joseph},
    title = {Transmission successorale et paysannerie pendant la Révolution française : un grand malentendu},
    journal = {Etudes Rurales,},
    year = 1989,
    language = {français},
    keywords = {art-crh, crh-1989}
    }

@article{Goy3113-1989,
    author = {Goy, Joseph},
    title = {Législation révolutionnaire et Code civil, frein ou accélérateur des activités industrielles capitalistes ?},
    journal = {Revue du Nord},
    year = 1989,
    language = {français},
    keywords = {art-crh, crh-1989}
    }

@article{Nahoum3132-1989,
    author = {Nahoum-Grappe, Véronique},
    title = {Problématique historique de la démesure : trop boire en France, XVIe-XVIIIe},
    journal = {Cahiers de l'I.R.S.},
    year = 1989,
    language = {français},
    keywords = {art-crh, crh-1989}
    }

@article{Nahoum3133-1989,
    author = {Nahoum-Grappe, Véronique},
    title = {Boire un coup...},
    journal = {Terrain, Carnets du patrimoine ethnologique},
    year = 1989,
    language = {français},
    keywords = {art-crh, crh-1989}
    }

@article{Nahoum3134-1989,
    author = {Nahoum-Grappe, Véronique},
    title = {Ivresse, comportements 'd'alcoolisation' et Sciences Humaines : quelques réflexions},
    journal = {Santé et Culture dans le Nord Pas de Calais, O.R.S.},
    year = 1989,
    language = {français},
    keywords = {art-crh, crh-1989}
    }

@article{Grenier3141-1989,
    author = {Grenier, Jean-Yves and Bernard Lepetit},
    title = {L'expérience historique. A propos de C.E. Labrousse},
    journal = {Annales E.S.C.},
    year = 1989,
    language = {français},
    keywords = {art-crh, crh-1989}
    }

@article{Grinberg3145-1989,
    author = {Grinberg, Martine},
    title = {Que la fête commence},
    journal = {Adolescence},
    year = 1989,
    language = {français},
    keywords = {art-crh, crh-1989}
    }

@article{Guelle3147-1989,
    author = {Guelle, Françoise},
    title = {L'accueil d'investissement japonnais},
    journal = {Les cahiers du partenariat},
    year = 1989,
    language = {français},
    keywords = {art-crh, crh-1989}
    }

@article{Guelle3148-1989,
    author = {Guelle, Françoise},
    title = {L'internationalisation et la délocalisation de la R.D. des grands groupes japonnais},
    journal = {Revue d'économie industrielle},
    year = 1989,
    language = {français},
    keywords = {art-crh, crh-1989}
    }

@article{Guelle3149-1989,
    author = {Guelle, Françoise},
    title = {Les effets des investissements industriels japonnais : le cas de la bureautique en France},
    journal = {Japon in extenso},
    year = 1989,
    language = {français},
    keywords = {art-crh, crh-1989}
    }

@article{Guerreau3150-1989,
    author = {Guerreau, Alain},
    title = {Pourquoi (et comment) l'historien doit-il compter les mots ?},
    journal = {Histoire et Mesure},
    year = 1989,
    language = {français},
    keywords = {art-crh, crh-1989}
    }

@article{Guerreau3151-1989,
    author = {Guerreau, Alain},
    title = {Le pont sur la Saône entre Mâcon et Saint-Laurent. Travaux récents},
    journal = {71-Images de Saône-et-Loire},
    year = 1989,
    language = {français},
    keywords = {art-crh, crh-1989}
    }

@article{Guery3152-1989,
    author = {Guery, Alain},
    title = {L'industrie et Colbertisme, Origines de la forme française de la Politique industrielle},
    journal = {Histoire, Economie, et Société},
    year = 1989,
    language = {français},
    keywords = {art-crh, crh-1989}
    }

@article{Hartog3179-1989,
    author = {Hartog, François},
    title = {L'évidenza della storia},
    journal = {Nuova Effemeridi},
    year = 1989,
    language = {italien},
    keywords = {art-crh, crh-1989}
    }

@article{Jeannin3187-1989,
    author = {Jeannin, Pierre},
    title = {La clientèle étrangère de la maison Schroeder et Schyler de la guerre de Sept Ans à la guerre d'Indépendance américaine},
    journal = {Bulletin d'histoire des espaces atlantiques},
    year = 1989,
    language = {français},
    keywords = {art-crh, crh-1989}
    }

@article{Jeorger3193-1989,
    author = {Jeorger, Muriel},
    title = {L'abandon des enfants 17e-19e siècles},
    journal = {Généalogie Magazine},
    year = 1989,
    language = {français},
    keywords = {art-crh, crh-1989}
    }

@article{Jouhaud3202-1989,
    author = {Jouhaud, Christian},
    title = {Littérateurs, littérature et pouvoir au début de l'âge classique},
    journal = {Romanistiche Zeitschrift für Literaturgeschichte (Cahiers d'histoire des Littératures romanes)},
    year = 1989,
    language = {français},
    keywords = {art-crh, crh-1989}
    }

@article{Jouhaud3203-1989,
    author = {Jouhaud, Christian},
    title = {Le 'Entrate Reali' in Città nei Secoli XVI-XVII},
    journal = {Storia e Dossier},
    year = 1989,
    language = {italien},
    keywords = {art-crh, crh-1989}
    }

@article{Julia3210-1989,
    author = {Julia, Dominique and W. Frijhoff},
    title = {Un collège de cocagne : la consommation alimentaire au pensionnat de Molsheim à la fin du XVIIIe siècle},
    journal = {Société d'Histoire et d'Archéologie de Molsheim et environs. Annuaire 1986},
    year = 1989,
    language = {français},
    keywords = {art-crh, crh-1989}
    }

@article{Julia3230-1989,
    author = {Julia, Dominique},
    title = {Le collège de Tournon pendant la Révolution française : de l'Ecole militaire au pensionnat privé (1789-1795)},
    journal = {Revue du Vivarais},
    year = 1989,
    language = {français},
    keywords = {art-crh, crh-1989}
    }

@article{Julia3234-1989,
    author = {Julia, Dominique},
    title = {Sélection des élites et égalité des citoyens. Les procédures d'examen et de concours de l'Ancien Régime à l'Empire},
    journal = {Mélanges de l'Ecole Française de Rome, Section d'Histoire Moderne et Contemporaine},
    year = 1989,
    language = {français},
    keywords = {art-crh, crh-1989}
    }

@article{LeGoff3282-1989,
    author = {Le Goff, Jacques},
    title = {Comment écrire une bibliographie historique aujourd'hui ?},
    journal = {Le Débat},
    year = 1989,
    language = {français},
    keywords = {art-crh, crh-1989}
    }

@article{LeGoff3283-1989,
    author = {Le Goff, Jacques},
    title = {After Annales : the Life as history},
    journal = {Times Literary Supplement},
    year = 1989,
    language = {anglais},
    keywords = {art-crh, crh-1989}
    }

@article{LeGoff3286-1989,
    author = {Le Goff, Jacques},
    title = {Head or Heart ? The Political use of Body Metaphors in the Middle Ages},
    journal = {Zone},
    year = 1989,
    language = {anglais},
    keywords = {art-crh, crh-1989}
    }

@article{LeGoff3288-1989,
    author = {Le Goff, Jacques},
    title = {The Whys and Ways of Writing a Biography : the case of Saint-Louis},
    journal = {Exemplaria},
    year = 1989,
    language = {anglais},
    keywords = {art-crh, crh-1989}
    }

@article{LeGoff3289-1989,
    author = {Le Goff, Jacques},
    title = {Rire au Moyen-Age},
    journal = {Cahiers du Centre de Recherches Historiques},
    year = 1989,
    language = {français},
    keywords = {art-crh, crh-1989}
    }

@article{Lemay3295-1989,
    author = {Lemay, Edna},
    title = {L'esprit du discours politique des Constituants : reflet des Lumières},
    journal = {Etudes françaises},
    year = 1989,
    language = {français},
    keywords = {art-crh, crh-1989}
    }

@article{Lemay3296-1989,
    author = {Lemay, Edna},
    title = {L'arrivée à Versailles des députés},
    journal = {Le Monde de la Révolution},
    year = 1989,
    language = {français},
    keywords = {art-crh, crh-1989}
    }

@article{LeMee3304-1989,
    author = {Le Mee, René},
    title = {Les dénombrements à la fin de l'Ancien Régime - 1765-1789},
    journal = {Généalogie Magazine},
    year = 1989,
    language = {français},
    keywords = {art-crh, crh-1989}
    }

@article{Lepetit3320-1989,
    author = {Lepetit, Bernard and Jean-Yves Grenier},
    title = {L'expérience historique. A propos de C.-E. Labrousse},
    journal = {Annales E.S.C.},
    year = 1989,
    language = {français},
    keywords = {art-crh, crh-1989}
    }

@article{Mouradian3341-1989,
    author = {Mouradian, Claire},
    title = {Table-ronde : l'Arménie pourquoi, comment ?},
    journal = {L'Autre Europe},
    year = 1989,
    language = {français},
    keywords = {art-crh, crh-1989}
    }

@article{Mouradian3342-1989,
    author = {Mouradian, Claire},
    title = {Arméniens d'U.R.S.S. : le nationalisme au service de la démocratie},
    journal = {Politique Internationale},
    year = 1989,
    language = {français},
    keywords = {art-crh, crh-1989}
    }

@article{Netter3351-1989,
    author = {Netter, Marie-Laurence},
    title = {La Révolution française n'est pas terminée},
    journal = {La Revue des Deux Mondes},
    year = 1989,
    language = {français},
    keywords = {art-crh, crh-1989}
    }

@article{Netter3352-1989,
    author = {Netter, Marie-Laurence},
    title = {La Révolution française et le monde politique contemporain},
    journal = {Raison Présente},
    year = 1989,
    language = {français},
    keywords = {art-crh, crh-1989}
    }

@article{Ormieres3355-1989,
    author = {Ormieres, Jean-Louis},
    title = {Les députés du Maine et de l'Anjou aux Etats généraux et à la Constituante},
    journal = {Revue de la Mayenne, archéologie, histoire},
    year = 1989,
    language = {français},
    keywords = {art-crh, crh-1989}
    }

@article{Ozouf3371-1989,
    author = {Ozouf, Mona},
    title = {Célébrer, savoir et fêter},
    journal = {Le Débat},
    year = 1989,
    language = {français},
    keywords = {art-crh, crh-1989}
    }

@article{Perrot3381-1989,
    author = {Perrot, Jean-Claude},
    title = {Equilibre économique et déterminisme au XVIIIe siècle. Etude de cas},
    journal = {Bulletin de l'Institut d'Histoire Economique et Sociale},
    year = 1989,
    language = {français},
    keywords = {art-crh, crh-1989}
    }

@article{Pestre3389-1989,
    author = {Pestre, Dominique},
    title = {Remarques sur quelques méthodes de la recherche en histoire},
    journal = {Sciences et Techniques en Perspective},
    year = 1989,
    language = {français},
    keywords = {art-crh, crh-1989}
    }

@article{Pestre3390-1989,
    author = {Pestre, Dominique},
    title = {Année 1960 : un changement qualitatif dans les relations scientifiques franco-allemandes},
    journal = {Revue d'Allemagne},
    year = 1989,
    language = {français},
    keywords = {art-crh, crh-1989}
    }

@article{Pestre3394-1989,
    author = {Pestre, Dominique},
    title = {La rivalité franco-allemande en physique (1900-1970)},
    journal = {Préfaces},
    year = 1989,
    language = {français},
    keywords = {art-crh, crh-1989}
    }

@article{Peter3402-1989,
    author = {Peter, Jean-Pierre},
    title = {Apories de la douleur},
    journal = {Sciences Sociales et Santé},
    year = 1989,
    language = {français},
    keywords = {art-crh, crh-1989}
    }

@article{Peter3404-1989,
    author = {Peter, Jean-Pierre},
    title = {Linges de souffrance, texture de chair : problèmes et stratégies du pansement},
    journal = {Ethnologie Française},
    year = 1989,
    language = {français},
    keywords = {art-crh, crh-1989}
    }

@article{Peter3405-1989,
    author = {Peter, Jean-Pierre},
    title = {Dimensions mythiques des épidémies, et Sida},
    journal = {Actions et Recherches Sociales},
    year = 1989,
    language = {français},
    keywords = {art-crh, crh-1989}
    }

@article{Peter3406-1989,
    author = {Peter, Jean-Pierre},
    title = {Contenir le désordre : l'historien devant l'épidémie},
    journal = {Préfaces},
    year = 1989,
    language = {français},
    keywords = {art-crh, crh-1989}
    }

@article{Peter3407-1989,
    author = {Peter, Jean-Pierre},
    title = {De Mesmer à l'anti-magnétisme},
    journal = {Bulletin de la Société Française d'Hypnose},
    year = 1989,
    language = {français},
    keywords = {art-crh, crh-1989}
    }

@article{Picard3409-1989,
    author = {Picard, Jean-François and E. Pradoura},
    title = {La longue marche vers le C.N.R.S. (1901-1945)},
    journal = {Cahiers pour l'histoire du C.N.R.S.},
    year = 1989,
    language = {français},
    keywords = {art-crh, crh-1989}
    }

@article{Picard3410-1989,
    author = {Picard, Jean-François and E. Pradoura and G. Darmon},
    title = {Numéro spécial, témoignages},
    journal = {Cahiers pour l'histoire du C.N.R.S.},
    year = 1989,
    language = {français},
    keywords = {art-crh, crh-1989}
    }

@article{Picard3411-1989,
    author = {Picard, Jean-François and G. Darmon},
    title = {Ils ont fait le C.N.R.S.},
    journal = {Journal du C.N.R.S.},
    year = 1989,
    language = {français},
    keywords = {art-crh, crh-1989}
    }

@article{Picard3412-1989,
    author = {Picard, Jean-François and G. Darmon},
    title = {Le C.N.R.S. a cinquante ans},
    journal = {Sciences et Avenir},
    year = 1989,
    language = {français},
    keywords = {art-crh, crh-1989}
    }

@article{Piponnier3422-1989,
    author = {Piponnier, Françoise},
    title = {Une révolution dans le costume masculin au XIVe siècle},
    journal = {Cahiers du Léopard d'Or},
    year = 1989,
    language = {français},
    keywords = {art-crh, crh-1989}
    }

@article{PoloDeBeaulieu3428-1989,
    author = {Polo De Beaulieu, Marie-Anne},
    title = {La fabbrica di un mito medievale : Riccardo Cuor di Leone},
    journal = {Storia e Dossier},
    year = 1989,
    language = {italien},
    keywords = {art-crh, crh-1989}
    }

@article{Pomian3455-1989,
    author = {Pomian, Krzysztof and F. Cachin},
    title = {Wie lange dauert ein Jahrhundert ? Gespräch über das Musée d'Orsay},
    journal = {Freibeuter},
    year = 1989,
    language = {allemand},
    keywords = {art-crh, crh-1989}
    }

@article{Pomian3457-1989,
    author = {Pomian, Krzysztof},
    title = {Baczko : Lumières et révolution},
    journal = {Revue européenne des sciences sociales},
    year = 1989,
    language = {français},
    keywords = {art-crh, crh-1989}
    }

@article{Pomian3459-1989,
    author = {Pomian, Krzysztof},
    title = {Histoire et fiction},
    journal = {Le Débat},
    year = 1989,
    language = {français},
    keywords = {art-crh, crh-1989}
    }

@article{Pomian3461-1989,
    author = {Pomian, Krzysztof},
    title = {Les abattoirs de la mémoire},
    journal = {Le Débat},
    year = 1989,
    language = {français},
    keywords = {art-crh, crh-1989}
    }

@article{Randles3471-1989,
    author = {Randles, William},
    title = {Représentations de la terre de l'Antiquité à la Renaissance. Modèles et obstacles épistémologiques},
    journal = {Bulletin du Comité français de cartographie},
    year = 1989,
    language = {français},
    keywords = {art-crh, crh-1989}
    }

@article{Randles3472-1989,
    author = {Randles, William},
    title = {La représentation de l'Atlantique dans la conscience européenne au Moyen Age et à la Renaissance. De l'océan chaos à l'espace maritime dominé par la science},
    journal = {Islenha},
    year = 1989,
    language = {français},
    keywords = {art-crh, crh-1989}
    }

@article{Randles3473-1989,
    author = {Randles, William},
    title = {Le projet asiatique de Christophe Colomb devant la science cosmographique portugaise et espagnole de son temps},
    journal = {Islenha},
    year = 1989,
    language = {français},
    keywords = {art-crh, crh-1989}
    }

@article{Revel3495-1989,
    author = {Revel, Jacques},
    title = {Une cour en république ?},
    journal = {Le Débat},
    year = 1989,
    language = {français},
    keywords = {art-crh, crh-1989}
    }

@article{Revel3496-1989,
    author = {Revel, Jacques},
    title = {Les aristocraties italiennes au XVIIe siècle},
    journal = {Bulletin de la Société d'histoire moderne et contemporaine},
    year = 1989,
    language = {français},
    keywords = {art-crh, crh-1989}
    }

@article{Rucquoi3498-1989,
    author = {Rucquoi, Adeline},
    title = {La France dans l'historiographie médiévale castillane},
    journal = {Annales E.S.C.},
    year = 1989,
    language = {français},
    keywords = {art-crh, crh-1989}
    }

@article{Scherrer3509-1989,
    author = {Scherrer, Jutta},
    title = {Des intellectuels soviétiques face à la perestroiska},
    journal = {Actes de la recherche en sciences sociales},
    year = 1989,
    language = {français},
    keywords = {art-crh, crh-1989}
    }

@article{Scherrer3510-1989,
    author = {Scherrer, Jutta},
    title = {Den'medvedja V N'ju-Jorke},
    journal = {Novoe Vremja},
    year = 1989,
    language = {russe},
    keywords = {art-crh, crh-1989}
    }

@article{Scherrer3512-1989,
    author = {Scherrer, Jutta},
    title = {The Cultural Hegemony of the Proletariat : the Origins of Bogdanov's Vision of Proletarian Culture},
    journal = {Studies in History},
    year = 1989,
    language = {anglais},
    keywords = {art-crh, crh-1989}
    }

@article{Scherrer3513-1989,
    author = {Scherrer, Jutta},
    title = {150 000 Exemplare verswaden : Sollen ie von Revolution nichts lesen ?},
    journal = {Die Zeit},
    year = 1989,
    language = {allemand},
    keywords = {art-crh, crh-1989}
    }

@article{Scherrer3514-1989,
    author = {Scherrer, Jutta},
    title = {Versagen die sowjetischen Intellektuellen ? Das Palaver vor dem Sturm},
    journal = {Die Zeit},
    year = 1989,
    language = {allemand},
    keywords = {art-crh, crh-1989}
    }

@article{Scherrer3515-1989,
    author = {Scherrer, Jutta},
    title = {Summer in Moscow, 1988 : 'Our Last Chance'},
    journal = {Michigan Quartely Review},
    year = 1989,
    language = {anglais},
    keywords = {art-crh, crh-1989}
    }

@article{Scherrer3517-1989,
    author = {Scherrer, Jutta},
    title = {Boris Jelzin in den USA},
    journal = {Merkur},
    year = 1989,
    language = {allemand},
    keywords = {art-crh, crh-1989}
    }

@article{Scherrer3518-1989,
    author = {Scherrer, Jutta},
    title = {Neoslavjanoiil'stvo i germanofobija. Vladimir Francevic Eern},
    journal = {Voprosy Filosofii},
    year = 1989,
    language = {russe},
    keywords = {art-crh, crh-1989}
    }

@article{Scherrer3519-1989,
    author = {Scherrer, Jutta},
    title = {Il passato 'dimenticato' nell'Unione Sovietica di Gorbacev},
    journal = {Passato e Presente},
    year = 1989,
    language = {italien},
    keywords = {art-crh, crh-1989}
    }

@article{Schmitt3544-1989,
    author = {Schmitt, Jean-Claude},
    title = {The Ethics of Gesture},
    journal = {Zone},
    year = 1989,
    language = {anglais},
    keywords = {art-crh, crh-1989}
    }

@article{Schmitt3547-1989,
    author = {Schmitt, Jean-Claude},
    title = {La fàbrica de santos},
    journal = {Historia social},
    year = 1989,
    language = {espagnol},
    keywords = {art-crh, crh-1989}
    }

@article{Schnapper3548-1989,
    author = {Schnapper, Dominique},
    title = {Comment éduquer les enfants de migrants},
    journal = {Commentaire},
    year = 1989,
    language = {français},
    keywords = {art-crh, crh-1989}
    }

@article{Schnapper3549-1989,
    author = {Schnapper, Dominique},
    title = {L'opinion publique et les travailleurs immmigrés},
    journal = {The Tocqueville Review},
    year = 1989,
    language = {français},
    keywords = {art-crh, crh-1989}
    }

@article{Schnapper3560-1989,
    author = {Schnapper, Dominique},
    title = {La France plurielle ?},
    journal = {Commentaire},
    year = 1989,
    language = {français},
    keywords = {art-crh, crh-1989}
    }

@article{Schnapper3567-1989,
    author = {Schnapper, Dominique},
    title = {Jeux et examens},
    journal = {Commentaire},
    year = 1989,
    language = {français},
    keywords = {art-crh, crh-1989}
    }

@article{Schnapper3569-1989,
    author = {Schnapper, Dominique},
    title = {Un pays d'immigration qui s'ignore},
    journal = {Le Genre Humain},
    year = 1989,
    language = {français},
    keywords = {art-crh, crh-1989}
    }

@article{Schnapper3570-1989,
    author = {Schnapper, Dominique},
    title = {La nation, les droits de la nationalité et l'Europe},
    journal = {Revue Européenne des Migrations Internationales},
    year = 1989,
    language = {français},
    keywords = {art-crh, crh-1989}
    }

@article{Schnapper3572-1989,
    author = {Schnapper, Dominique},
    title = {Secteur public : un monde à part ?},
    journal = {Commentaire},
    year = 1989,
    language = {français},
    keywords = {art-crh, crh-1989}
    }

@article{Sigaut3582-1989,
    author = {Sigaut, François},
    title = {A method for identifying grain storage techniques and its application for European agricultural history},
    journal = {Tools and Tillage},
    year = 1989,
    language = {anglais},
    keywords = {art-crh, crh-1989}
    }

@article{Sigaut3585-1989,
    author = {Sigaut, François},
    title = {La naissance du machinisme agricole moderne},
    journal = {Anthropologie et sociétés},
    year = 1989,
    language = {français},
    keywords = {art-crh, crh-1989}
    }

@article{Vincent3606-1989,
    author = {Vincent, Bernard},
    title = {La vision du royaume de Grenade par les voyageurs étrangers au tournant des XVe et XVIe siècles},
    journal = {Chronica Nova},
    year = 1989,
    language = {français},
    keywords = {art-crh, crh-1989}
    }

@article{Vincent3607-1989,
    author = {Vincent, Bernard},
    title = {Le tremblement de terre de Vera},
    journal = {Roel},
    year = 1989,
    language = {français},
    keywords = {art-crh, crh-1989}
    }

@article{Vincent3612-1989,
    author = {Vincent, Bernard},
    title = {La population espagnole au XVIIe siècle},
    journal = {Bulletin de la Société d'Histoire Moderne},
    year = 1989,
    language = {français},
    keywords = {art-crh, crh-1989}
    }

@article{Woronoff3619-1989,
    author = {Woronoff, Denis},
    title = {L'industrialisation de la France de 1789 à 1815 : un essai de bilan},
    journal = {Revue Economique},
    year = 1989,
    language = {français},
    keywords = {art-crh, crh-1989}
    }

@article{Woronoff3620-1989,
    author = {Woronoff, Denis},
    title = {L'archéologie industrielle en France : un nouveau chantier},
    journal = {Histoire, Economie et Société},
    year = 1989,
    language = {français},
    keywords = {art-crh, crh-1989}
    }

@article{Halevi3627-1989,
    author = {Halevi, Ran-Yedid and F. Furet},
    title = {L'année 1789},
    journal = {Annales E.S.C.},
    year = 1989,
    language = {français},
    keywords = {art-crh, crh-1989}
    }

@article{Randles4508-1989,
    author = {Randles, William},
    title = {Pedro Nunes and the Discovery of the Loxodromic Curve, or How, in the Sixteenth Century, Navigating with a Globe Had Failed to Solve the Difficulties Encountered with the Plane Chart},
    journal = {Revista da Universidade de Coimbra},
    year = 1989,
    language = {anglais},
    keywords = {art-crh, crh-1989}
    }

@article{Pomian5603-1989,
    author = {Pomian, Krzysztof},
    title = {Hyppolite (Jean)},
    journal = {Le Débat},
    year = 1989,
    language = {français},
    keywords = {art-crh, crh-1989}
    }

@article{Pomian5618-1989,
    author = {Pomian, Krzysztof},
    title = {Marrou (Henri-Irénée)},
    journal = {Le Débat},
    year = 1989,
    language = {français},
    keywords = {art-crh, crh-1989}
    }

@article{Pomian5622-1989,
    author = {Pomian, Krzysztof},
    title = {Révolution},
    journal = {Le Débat},
    year = 1989,
    language = {français},
    keywords = {art-crh, crh-1989}
    }

@article{Pomian5623-1989,
    author = {Pomian, Krzysztof},
    title = {Labrousse (Ernest)},
    journal = {Le Débat},
    year = 1989,
    language = {français},
    keywords = {art-crh, crh-1989}
    }

@book{Beck2766-1989,
    author = {Beck-Bossard, Corinne and marie-Annick Morisson},
    title = {Une ferme seigneuriale au XIVe siècle. La grange du Mont (Charny, Côte d'Or},
    publisher = {MSH},
    series = {},
    location = {Paris},
    year = 1989,
    pagetotal = {},
    language = {français},
    keywords = {book-crh, crh-1989}
    }

@book{Bergeron2786-1989,
    author = {Bergeron, Louis},
    title = {Paris,Genèse d'un paysage},
    publisher = {Picard},
    series = {},
    location = {Paris},
    year = 1989,
    pagetotal = {},
    language = {français},
    keywords = {book-crh, crh-1989}
    }

@book{Bergeron2787-1989,
    author = {Bergeron, Louis},
    title = {Parigi},
    publisher = {Laterza},
    series = {},
    location = {Bari},
    year = 1989,
    pagetotal = {},
    language = {italien},
    keywords = {book-crh, crh-1989}
    }

@book{Berlioz2799-1989,
    author = {Berlioz, Jacques},
    title = {Saints et damnés. La Bourgogne du Moyen Age dans les récits d'Etienne de Bourbon, inquisiteur (1190-1261)},
    publisher = {Ed. du Bien Public},
    series = {},
    location = {Dijon},
    year = 1989,
    pagetotal = {63},
    language = {français},
    keywords = {book-crh, crh-1989}
    }

@book{Berlioz2808-1989,
    author = {Berlioz, Jacques},
    title = {Saint Bernard en Bourgogne. Lieux et mémoire},
    publisher = {Ed. du Bien Public},
    series = {},
    location = {Dijon},
    year = 1989,
    pagetotal = {172},
    language = {français},
    keywords = {book-crh, crh-1989}
    }

@book{Chartier2903-1989,
    author = {Chartier, Roger},
    title = {La rappresentazione del sociale},
    publisher = {Ballati Boringhieri},
    series = {},
    location = {Torino},
    year = 1989,
    pagetotal = {},
    language = {italien},
    keywords = {book-crh, crh-1989}
    }

@book{Chartier2904-1989,
    author = {Chartier, Roger},
    title = {Die unvollendete Vergangenheit. Geschichte und die Macht der Weltauslegung},
    publisher = {Verlag Klaus Wagenbach},
    series = {},
    location = {Berlin},
    year = 1989,
    pagetotal = {158},
    language = {allemand},
    keywords = {book-crh, crh-1989}
    }

@book{Delille2959-1989,
    author = {Delille, Gérard and J.M. Sallmann and J.C. Waquet and Y.M. Bercé},
    title = {L'Italie au XVIIe siècle},
    publisher = {},
    series = {},
    location = {Paris},
    year = 1989,
    pagetotal = {},
    language = {français},
    keywords = {book-crh, crh-1989}
    }

@book{Demelas2966-1989,
    author = {Demelas-Bohy, Marie-Danièle and Y. Saint-Geours},
    title = {Jerusalem et Babylone. Religion et politique en Amérique du Sud, le cas de l'Equateur},
    publisher = {ADPF},
    series = {},
    location = {Paris},
    year = 1989,
    pagetotal = {},
    language = {français},
    keywords = {book-crh, crh-1989}
    }

@book{Dupaquier2986-1989,
    author = {Dupaquier, Jacques},
    title = {Per la demografia storica},
    publisher = {},
    series = {},
    location = {},
    year = 1989,
    pagetotal = {},
    language = {italien},
    keywords = {book-crh, crh-1989}
    }

@book{Dupaquier2998-1989,
    author = {Dupaquier, Jacques},
    title = {Ainsi commença la Révolution. Campagne électorale et cahiers de doléances dans les bailliages de Chaumont-en-Vexin et de Magny-en-Vexin},
    publisher = {Société historique de Pontoise, du Val d'Oise et du Vexin},
    series = {},
    location = {},
    year = 1989,
    pagetotal = {},
    language = {français},
    keywords = {book-crh, crh-1989}
    }

@book{Farge3015-1989,
    author = {Farge, Arlette},
    title = {Le goût de l'Archive},
    publisher = {Seuil},
    series = {},
    location = {Paris},
    year = 1989,
    pagetotal = {},
    language = {français},
    keywords = {book-crh, crh-1989}
    }

@book{Ferro3030-1989,
    author = {Ferro, Marc},
    title = {Cinquante idées qui ébranlent le monde. Dictionnaire de la glasnost},
    publisher = {Payot},
    series = {},
    location = {Paris},
    year = 1989,
    pagetotal = {},
    language = {français},
    keywords = {book-crh, crh-1989}
    }

@book{Ferro3031-1989,
    author = {Ferro, Marc and C. Delage and B. Fleury-Vilatte},
    title = {Révoltes, Révolutions, Cinéma},
    publisher = {Ed. du Centre Pompidou},
    series = {},
    location = {Paris},
    year = 1989,
    pagetotal = {},
    language = {français},
    keywords = {book-crh, crh-1989}
    }

@book{Goubert3103-1989,
    author = {Goubert, Jean-Pierre},
    title = {The conquest of water. The Advent of Health in the Industrial Age},
    publisher = {Polity Press},
    series = {},
    location = {Cambridge et Oxford},
    year = 1989,
    pagetotal = {},
    language = {anglais},
    keywords = {book-crh, crh-1989}
    }

@book{Goy3115-1989,
    author = {Goy, Joseph},
    title = {Naissance du Code civil},
    publisher = {},
    series = {},
    location = {Paris},
    year = 1989,
    pagetotal = {},
    language = {français},
    keywords = {book-crh, crh-1989}
    }

@book{Julliard3245-1989,
    author = {Julliard, Jacques and F. Furet and P. Rosanvallon},
    title = {Autonomie ouvrière, études sur le syndicalisme d'action directe},
    publisher = {Seuil},
    series = {},
    location = {Paris},
    year = 1989,
    pagetotal = {},
    language = {français},
    keywords = {book-crh, crh-1989}
    }

@book{LeGoff3293-1989,
    author = {Le Goff, Jacques and Cesare de Seta},
    title = {La città e le mura},
    publisher = {Ed. Laterza},
    series = {},
    location = {Roma-Bari},
    year = 1989,
    pagetotal = {},
    language = {italien},
    keywords = {book-crh, crh-1989}
    }

@book{Morisson3332-1989,
    author = {Morisson, Marie-Annick and Corinne Beck-Brossard},
    title = {Une ferme seigneuriale au XIVe siècle : la grange du Mont (Charny Côte d'Or)},
    publisher = {MSH},
    series = {},
    location = {Paris},
    year = 1989,
    pagetotal = {},
    language = {français},
    keywords = {book-crh, crh-1989}
    }

@book{Netter3349-1989,
    author = {Netter, Marie-Laurence},
    title = {La Révolution française n'est pas terminée},
    publisher = {PUF},
    series = {},
    location = {Paris},
    year = 1989,
    pagetotal = {},
    language = {français},
    keywords = {book-crh, crh-1989}
    }

@book{Ozouf3370-1989,
    author = {Ozouf, Mona},
    title = {L'homme régénéré},
    publisher = {Gallimard},
    series = {},
    location = {Paris},
    year = 1989,
    pagetotal = {},
    language = {français},
    keywords = {book-crh, crh-1989}
    }

@book{Ozouf3373-1989,
    author = {Ozouf, Mona},
    title = {The French Revolution and the Creation of Modern Culture, tome 3},
    publisher = {Pergamon Press},
    series = {},
    location = {Oxford},
    year = 1989,
    pagetotal = {},
    language = {anglais},
    keywords = {book-crh, crh-1989}
    }

@book{Woronoff3614-1989,
    author = {Woronoff, Denis},
    title = {Rapports à l'Empereur sur le progrès des sciences, des lettres et des arts depuis 1789},
    publisher = {Belin},
    series = {},
    location = {Paris},
    year = 1989,
    pagetotal = {},
    language = {français},
    keywords = {book-crh, crh-1989}
    }

@book{Halevi3621-1989,
    author = {Halevi, Ran-Yedid and F. Furet},
    title = {Orateurs de la Révolution française, t. 1 - Les Constituants},
    publisher = {Gallimard},
    series = {col. La Pléiade},
    location = {Paris},
    year = 1989,
    pagetotal = {},
    language = {français},
    keywords = {book-crh, crh-1989}
    }

@inproceedings{Pomian11-1989,
    author = {Pomian, Krzysztof},
    editor = {E.Petitot},
    title = {La philosophie de René Thom},
    booktitle = {Actes du Colloque Logos et Théorie des Catastrophes à partir de l'oeuvre de René Thom},
    publisher = {},
    location = {Genève},
    year = 1989,
    pagetotal = {17},
    language = {français},
    keywords = {inproceedings-crh, crh-1989}
    }

@inproceedings{Pestre113-1989,
    author = {Pestre, Dominique},
    editor = {M.De Maria and M.Grilli and F.Sabastiani},
    title = {The Creation of CERN in the Early 50s : Chance or Necessity},
    booktitle = {Proceedings of the International Conference on the Restructuring of Physical Sciences in Europe and the United States, 1945-1960},
    publisher = {World Scientific},
    location = {Singapour},
    year = 1989,
    pagetotal = {11},
    language = {anglais},
    keywords = {inproceedings-crh, crh-1989}
    }

@inproceedings{Bonnain150-1989,
    author = {Bonnain, Rolande},
    editor = {},
    title = {Approche anthropologique des espaces marchands},
    booktitle = {Actes du Colloque L'Autre en question, Paris 1989},
    publisher = {},
    location = {Paris},
    year = 1989,
    pagetotal = {5},
    language = {français},
    keywords = {inproceedings-crh, crh-1989}
    }

@inproceedings{Braunstein172-1989,
    author = {Braunstein, Philippe},
    editor = {K.H.Ludwig and P.Sika},
    title = {Le travail minier dans le royaume de France à la fin du Moyen Age},
    booktitle = {Actes du Colloque Bergbau und Arbeitsrecht. Die Arbeitsverfassung im europäischen Bergbau des Mittelalters und der frühen Neuzeit, Bad Gastein 1987},
    publisher = {Böchsteiner Montata},
    location = {Vienne},
    year = 1989,
    pagetotal = {30},
    language = {français},
    keywords = {inproceedings-crh, crh-1989}
    }

@inproceedings{Braunstein175-1989,
    author = {Braunstein, Philippe},
    editor = {F. Crouzet},
    title = {Réseaux familiaux, réseaux d'affaires en pays d'Empire : les facteurs de sociétés (1380-1520)},
    booktitle = {Actes du Colloque Le négoce international (XIIIe-XXe siècles), Paris 1987},
    publisher = {},
    location = {Paris},
    year = 1989,
    pagetotal = {12},
    language = {français},
    keywords = {inproceedings-crh, crh-1989}
    }

@inproceedings{Guillou272-1989,
    author = {Guillou, André},
    editor = {},
    title = {Fondements juifs de l'éthique byzantine},
    booktitle = {Actes du Colloque La vie quotidienne à Byzance : continuités et rupture de la tradition hellenistique et romaine, Athènes 1988},
    publisher = {},
    location = {Athènes},
    year = 1989,
    pagetotal = {14},
    language = {français},
    keywords = {inproceedings-crh, crh-1989}
    }

@inproceedings{Sinarellis281-1989,
    author = {Sinarellis, Maroula},
    editor = {},
    title = {Pour une histoire des lignes secondaires : l'exemple de la région élargie du Creusot},
    booktitle = {Actes du Colloque Les Chemins de fer, l'Espace et la Société en France, Paris 1989},
    publisher = {AIHCF},
    location = {Paris},
    year = 1989,
    pagetotal = {5},
    language = {français},
    keywords = {inproceedings-crh, crh-1989}
    }

@inproceedings{Guillou286-1989,
    author = {Guillou, André},
    editor = {},
    title = {Gérontes et bonshommes en Orient et en Occident. Réflexions d'anthropologie juridique},
    booktitle = {Actes du Colloque de Morigny, 1987},
    publisher = {},
    location = {Paris},
    year = 1989,
    pagetotal = {19},
    language = {français},
    keywords = {inproceedings-crh, crh-1989}
    }

@inproceedings{Julia314-1989,
    author = {Julia, Dominique},
    editor = {P. Colin and E. Germain and J. Joncheray and M. Venard},
    title = {La leçon de catéchisme dans l'Ecole Paroissiale (1654)},
    booktitle = {Actes du Colloque Aux origines du catéchisme paroissial et des manuels diocésains de catéchisme en France (1500-1660), Paris 1988},
    publisher = {},
    location = {Paris},
    year = 1989,
    pagetotal = {29},
    language = {français},
    keywords = {inproceedings-crh, crh-1989}
    }

@inproceedings{Flandrin326-1989,
    author = {Flandrin, Jean-Louis},
    editor = {},
    title = {Problèmes, sources et méthodes d'une histoire des pratiques et des goûts régionaux avant le XIXe siècle},
    booktitle = {Alimentation et Régions, Actes du colloque Cuisines, Régimes alimentaires, Espaces régionaux, Nancy 24-27 septembre 1987},
    publisher = {Presses universitaires de Nancy},
    location = {Nancy},
    year = 1989,
    pagetotal = {17},
    language = {français},
    keywords = {inproceedings-crh, crh-1989}
    }

@inproceedings{Schnapper354-1989,
    author = {Schnapper, Dominique},
    editor = {},
    title = {La Révolution, le citoyen et les juifs en France},
    booktitle = {Actes du Colloque des intellectuels juifs, La question de l'Etat},
    publisher = {Denoël},
    location = {Paris},
    year = 1989,
    pagetotal = {22},
    language = {français},
    keywords = {inproceedings-crh, crh-1989}
    }

@inproceedings{Jouhaud378-1989,
    author = {Jouhaud, Christian},
    editor = {P.Contamine},
    title = {Politiques de princes : les Condé (1630-1652)},
    booktitle = {Actes de la table ronde L'Etat et les aristocraties, XIIe-XVIIe siècles, France, Angleterre, Ecosse, 1986},
    publisher = {},
    location = {Paris},
    year = 1989,
    pagetotal = {21},
    language = {français},
    keywords = {inproceedings-crh, crh-1989}
    }

@inproceedings{Tenenti414-1989,
    author = {Tenenti, Alberto},
    editor = {},
    title = {L'essor des Universités en Europe, XIIIe-XVIe siècles},
    booktitle = {Actes du Colloque international Université, idéologie et culture},
    publisher = {},
    location = {Athènes},
    year = 1989,
    pagetotal = {9},
    language = {français},
    keywords = {inproceedings-crh, crh-1989}
    }

@inproceedings{Guelle511-1989,
    author = {Guelle, Françoise and G. Chanaron and E. de Banville},
    editor = {J.J.Chanaron and E.De Banville},
    title = {L'implantation des constructeurs et équipementiers japonnais et le marché européen de 1992},
    booktitle = {Actes des rencontres européennes L'Europe de 1992 : l'industrie des composants automobiles face à son avenir, Grenoble 1989},
    publisher = {},
    location = {Grenoble},
    year = 1989,
    pagetotal = {14},
    language = {français},
    keywords = {inproceedings-crh, crh-1989}
    }

@inproceedings{Nahoum526-1989,
    author = {Nahoum-Grappe, Véronique},
    editor = {},
    title = {La 'beauté paysanne', à l'écoute d'un cliché},
    booktitle = {Actes du Colloque d'Aurillac Le Paysan, juin 1988},
    publisher = {Edtions Christian},
    location = {Paris},
    year = 1989,
    pagetotal = {24},
    language = {français},
    keywords = {inproceedings-crh, crh-1989}
    }

@inproceedings{Fauve567-1989,
    author = {Fauve-Chamoux, Antoinette},
    editor = {},
    title = {La famille et le petit enfant en France au XVIIIe siècle : modèles et réalités},
    booktitle = {Actes du Congrès international des Lumières},
    publisher = {The Voltaire Foundation},
    location = {},
    year = 1989,
    pagetotal = {7},
    language = {français},
    keywords = {inproceedings-crh, crh-1989}
    }

@inproceedings{Lemay635-1989,
    author = {Lemay, Edna},
    editor = {},
    title = {Ecouter et renseigner, le journalisme du député-constituant},
    booktitle = {Actes du Colloque La Révolution du Journal, 1788-1794, Grenoble 1988},
    publisher = {CNRS},
    location = {Paris},
    year = 1989,
    pagetotal = {},
    language = {français},
    keywords = {inproceedings-crh, crh-1989}
    }

@inproceedings{Bergeron1129-1989,
    author = {Bergeron, Louis},
    editor = {F.Andreucci and A.Pescarolo},
    title = {Sviluppo regionale e identità culturale : gli ambienti degli affari nella Franciadel XIX secolo},
    booktitle = {Actes du Colloque de Florence 1985, Gli Spazi del Potere},
    publisher = {Uscher},
    location = {Florence},
    year = 1989,
    pagetotal = {10},
    language = {italien},
    keywords = {inproceedings-crh, crh-1989}
    }

@inproceedings{Ormieres1612-1989,
    author = {Ormieres, Jean-Louis},
    editor = {},
    title = {Le régime seigneurial dans l'ouest},
    booktitle = {Actes du Colloque La Révolution française et le monde rural, Paris 1987},
    publisher = {CTHS},
    location = {Paris},
    year = 1989,
    pagetotal = {10},
    language = {français},
    keywords = {inproceedings-crh, crh-1989}
    }

@inproceedings{Perrot1814-1989,
    author = {Perrot, Jean-Claude},
    editor = {},
    title = {Capitalisme, finances publiques et Révolution},
    booktitle = {Actes du Colloque La Révolution française et le développement du capitalisme, Lille 1987},
    publisher = {La revue du Nord},
    location = {Lille},
    year = 1989,
    pagetotal = {10},
    language = {français},
    keywords = {inproceedings-crh, crh-1989}
    }

@inproceedings{Burguiere2858-1989,
    author = {Burguiere, André},
    editor = {},
    title = {Le Paysan français et les funestes secrets},
    booktitle = {Actes du Colloque d'Aurillac Le Paysan},
    publisher = {Edtions Christian},
    location = {Paris},
    year = 1989,
    pagetotal = {20},
    language = {français},
    keywords = {inproceedings-crh, crh-1989}
    }

@inproceedings{Dauphin2954-1989,
    author = {Dauphin-Memeteau, Cécile},
    editor = {},
    title = {De l'employé à l'employée : figures du travail dans les bureaux en France (XIXe-XXe siècles)},
    booktitle = {The Sexual Division of Labour, Ninth International Economic History Congress, Berne 1986},
    publisher = {Department of Economic History},
    location = {Uppsala},
    year = 1989,
    pagetotal = {28},
    language = {français},
    keywords = {inproceedings-crh, crh-1989}
    }

@inproceedings{Netter2957-1989,
    author = {Netter, Marie-Laurence},
    editor = {},
    title = {L'intégration de nouvelles valeurs par le théâtre},
    booktitle = {Actes du Colloque international Théâtre et Révolution, Besançon 1989},
    publisher = {Publications du bicentenaire},
    location = {},
    year = 1989,
    pagetotal = {7},
    language = {français},
    keywords = {inproceedings-crh, crh-1989}
    }

@inproceedings{Froeschle3088-1989,
    author = {Froeschle-Chopard, Marie-Hélène},
    editor = {},
    title = {De la confrérie du Saint-Sacrement au culte du Sacré-Coeur : le passage de l'homme à l'individu},
    booktitle = {Actes du Colloque de Marseille, Provence Historique},
    publisher = {},
    location = {},
    year = 1989,
    pagetotal = {17},
    language = {français},
    keywords = {inproceedings-crh, crh-1989}
    }

@inproceedings{Guillou3165-1989,
    author = {Guillou, André},
    editor = {},
    title = {Le Sud-Est Européen et la Méditerranée},
    booktitle = {rapport au VIe Congrès International d'études du Sud-Est européen},
    publisher = {},
    location = {},
    year = 1989,
    pagetotal = {23},
    language = {français},
    keywords = {inproceedings-crh, crh-1989}
    }

@inproceedings{Jouhaud3201-1989,
    author = {Jouhaud, Christian},
    editor = {},
    title = {Retour aux mazarinades : 'opinion publique', action politique et production pamphlétaire pendant la Fronde},
    booktitle = {Actes du colloque de la Fronde en question, Marseille-Cassis, 1988},
    publisher = {},
    location = {Aix-en-Provence},
    year = 1989,
    pagetotal = {11},
    language = {français},
    keywords = {inproceedings-crh, crh-1989}
    }

@inproceedings{Pezerat3267-1989,
    author = {Pezerat-Lebrun, Pierrette and C.Dauphin},
    editor = {},
    title = {De l'employé à l'employée : figures du travail dans les bureaux en France (XIXe-XXe siècles)},
    booktitle = {The Sexual Division of Labour, Ninth International Economic History Congress, Berne 1986},
    publisher = {},
    location = {Uppsala},
    year = 1989,
    pagetotal = {28},
    language = {français},
    keywords = {inproceedings-crh, crh-1989}
    }

@inproceedings{Woronoff3617-1989,
    author = {Woronoff, Denis},
    editor = {},
    title = {De l'institutionnel au social},
    booktitle = {Colloque de Lille, 1987: La Révolution française et le développement du capitalisme},
    publisher = {},
    location = {},
    year = 1989,
    pagetotal = {5},
    language = {français},
    keywords = {inproceedings-crh, crh-1989}
    }

@inproceedings{Woronoff3618-1989,
    author = {Woronoff, Denis},
    editor = {},
    title = {Laissez-passer : la politique de supression des péages à la fin de l'Ancien Régime},
    booktitle = {Colloque de Lille, 1987: La Révolution française et le développement du capitalisme},
    publisher = {},
    location = {},
    year = 1989,
    pagetotal = {10},
    language = {français},
    keywords = {inproceedings-crh, crh-1989}
    }

@inproceedings{Debert3910-1989,
    author = {Debert, Aline},
    editor = {},
    title = {Les abbayes prémontrées de l'ancienne province ecclésiastique de Paris pendant la Révolution},
    booktitle = {Actes officiels du 15è colloque du Centre d'Etudes et de Recherches Prémontrées},
    publisher = {},
    location = {},
    year = 1989,
    pagetotal = {7},
    language = {français},
    keywords = {inproceedings-crh, crh-1989}
    }

@inproceedings{Sarget4554-1989,
    author = {Sarget, Marie-Noelle},
    editor = {},
    title = {Quelques réflexions sur la notion de crise à partir de celle du système politique chilien dans les années 1920-1925},
    booktitle = {Actes du Colloque Amérique Latine et Nouvelle Histoire},
    publisher = {},
    location = {},
    year = 1989,
    pagetotal = {18},
    language = {français},
    keywords = {inproceedings-crh, crh-1989}
    }

@inproceedings{Schmitt4574-1989,
    author = {Schmitt, Jean-Claude},
    editor = {},
    title = {Les gestes de la prière au Moyen-Age},
    booktitle = {Colloque interconfessionnel sur l'anthropologie de la prière},
    publisher = {},
    location = {},
    year = 1989,
    pagetotal = {15},
    language = {français},
    keywords = {inproceedings-crh, crh-1989}
    }

@inproceedings{Boureau5174-1989,
    author = {Boureau, Alain},
    editor = {},
    title = {Pour une théorie élargie de la légende religieuse médiévale},
    booktitle = {Actas del coloquio La Leyenda. Antropologia, Historia, Literatura, Madrid 1986},
    publisher = {Casa de Velazquez},
    location = {Madrid},
    year = 1989,
    pagetotal = {26},
    language = {français},
    keywords = {inproceedings-crh, crh-1989}
    }

@inproceedings{Descimon5375-1989,
    author = {Descimon, Robert},
    editor = {R.Duchêne and P.Ronzeaud},
    title = {Les barricades frondeuses (26-28 août 1648)},
    booktitle = {Actes du 18e Colloque du Centre Méridional de Rencontres sur le XVIIe siècle, La Fronde en question, Marseille 1988},
    publisher = {Université de Provence},
    location = {},
    year = 1989,
    pagetotal = {17},
    language = {français},
    keywords = {inproceedings-crh, crh-1989}
    }

@inreference{Burguiere2860-1989,
    author = {Burguiere, André},
    editor = {Y. Afanassiev and M. Ferro},
    title = {Famille},
    booktitle = {Dictionnaire de la Glanost : 50 idées qui ébranlèrent le monde},
    publisher = {},
    series = {},
    location = {},
    year = 1989,
    pagetotal = {9},
    language = {français},
    keywords = {dict-crh, crh-1989}
    }

@inreference{Dupaquier3002-1989,
    author = {Dupaquier, Jacques},
    editor = {},
    title = {Population/démographie},
    booktitle = {Dictionnaire historique de la Révolution française},
    publisher = {},
    series = {},
    location = {},
    year = 1989,
    pagetotal = {},
    language = {français},
    keywords = {dict-crh, crh-1989}
    }

@inreference{Godet3095-1989,
    author = {Godet, Martine},
    editor = {},
    title = {Sport},
    booktitle = {Cinquante idées qui ébranlent le monde. Dictionnaire de la glasnost},
    publisher = {},
    series = {},
    location = {},
    year = 1989,
    pagetotal = {5},
    language = {français},
    keywords = {dict-crh, crh-1989}
    }

@inreference{Hemardinquer3183-1989,
    author = {Hemardinquer, Jean-Jacques},
    editor = {},
    title = {Hémardinquer (Charles, Jérémie et Mathias, enseignants)},
    booktitle = {Dictionnaire de biographie française},
    publisher = {P. LETOUZEY et ANE},
    series = {},
    location = {Paris},
    year = 1989,
    pagetotal = {},
    language = {français},
    keywords = {dict-crh, crh-1989}
    }

@inreference{Julia3224-1989,
    author = {Julia, Dominique},
    editor = {A. Soboul and J.-R. Suratteau},
    title = {Ecoles centrales},
    booktitle = {Dictionnaire de la Révolution française},
    publisher = {},
    series = {},
    location = {},
    year = 1989,
    pagetotal = {},
    language = {français},
    keywords = {dict-crh, crh-1989}
    }

@inreference{Julia3225-1989,
    author = {Julia, Dominique},
    editor = {A. Soboul and J.-R. Suratteau},
    title = {Ecole Normale},
    booktitle = {Dictionnaire de la Révolution française},
    publisher = {},
    series = {},
    location = {},
    year = 1989,
    pagetotal = {},
    language = {français},
    keywords = {dict-crh, crh-1989}
    }

@inreference{Julia3226-1989,
    author = {Julia, Dominique},
    editor = {A. Soboul and J.-R. Suratteau},
    title = {Ecole Polytechnique},
    booktitle = {Dictionnaire de la Révolution française},
    publisher = {},
    series = {},
    location = {},
    year = 1989,
    pagetotal = {},
    language = {français},
    keywords = {dict-crh, crh-1989}
    }

@inreference{Julia3227-1989,
    author = {Julia, Dominique},
    editor = {A. Soboul and J.-R. Suratteau},
    title = {Institut National},
    booktitle = {Dictionnaire de la Révolution française},
    publisher = {},
    series = {},
    location = {},
    year = 1989,
    pagetotal = {},
    language = {français},
    keywords = {dict-crh, crh-1989}
    }

@inreference{Julia3228-1989,
    author = {Julia, Dominique},
    editor = {A. Soboul and J.-R. Suratteau},
    title = {Instruction publique},
    booktitle = {Dictionnaire de la Révolution française},
    publisher = {},
    series = {},
    location = {},
    year = 1989,
    pagetotal = {},
    language = {français},
    keywords = {dict-crh, crh-1989}
    }

@inreference{Julia3229-1989,
    author = {Julia, Dominique},
    editor = {A. Soboul and J.-R. Suratteau},
    title = {Lakanal},
    booktitle = {Dictionnaire de la Révolution française},
    publisher = {},
    series = {},
    location = {},
    year = 1989,
    pagetotal = {},
    language = {français},
    keywords = {dict-crh, crh-1989}
    }

@inreference{Mouradian3343-1989,
    author = {Mouradian, Claire},
    editor = {},
    title = {Souveraineté des nations},
    booktitle = {Cinquante idées qui ébranlent le monde, Dictionnaire de la Glasnost},
    publisher = {},
    series = {},
    location = {},
    year = 1989,
    pagetotal = {5},
    language = {français},
    keywords = {dict-crh, crh-1989}
    }

@inreference{Pestre3393-1989,
    author = {Pestre, Dominique},
    editor = {},
    title = {La recherche en physique des particules},
    booktitle = {Dictionnaire encyclopédique Quillet},
    publisher = {},
    series = {},
    location = {},
    year = 1989,
    pagetotal = {5},
    language = {français},
    keywords = {dict-crh, crh-1989}
    }

@inreference{Scherrer3516-1989,
    author = {Scherrer, Jutta},
    editor = {},
    title = {Socialisme},
    booktitle = {Dictionnaire de la glasnost},
    publisher = {},
    series = {},
    location = {},
    year = 1989,
    pagetotal = {4},
    language = {français},
    keywords = {dict-crh, crh-1989}
    }

@proceedings{Burguiere2859-1989,
    editor = {Burguiere, André and J.Revel},
    editortype = {dir.},
    title = {Histoire de la France, t.I: l'espace français. T.II: L'Etat et les pourvoirs},
    booktitle = {Histoire de la France, t.I: l'espace français. T.II: L'Etat et les pourvoirs},
    publisher = {Seuil},
    location = {Paris},
    year = 1989,
    pagetotal = {},
    language = {français},
    keywords = {proceedings-crh, crh-1989}
    }

@proceedings{Froeschle3087-1989,
    editor = {Froeschle-Chopard, Marie-Hélène},
    editortype = {dir.},
    title = {Actes du Colloque de Marseille Confréries et Dévotions à l'épreuve de la Révolution},
    booktitle = {Actes du Colloque de Marseille Confréries et Dévotions à l'épreuve de la Révolution},
    publisher = {},
    location = {},
    year = 1989,
    pagetotal = {},
    language = {français},
    keywords = {proceedings-crh, crh-1989}
    }

@proceedings{Furet3094-1989,
    editor = {Furet, François and R. Halevi},
    editortype = {dir.},
    title = {Les Orateurs de la Révolution, t. I - Les Constituants},
    booktitle = {Les Orateurs de la Révolution, t. I - Les Constituants},
    publisher = {Gallimard},
    location = {Paris},
    year = 1989,
    pagetotal = {},
    language = {français},
    keywords = {proceedings-crh, crh-1989}
    }

@proceedings{Julia3222-1989,
    editor = {Julia, Dominique and J.Revel},
    editortype = {dir.},
    title = {Les universités européennes du XVIe au XVIIIe siècles. Histoire sociale des populations étudiantes.Histoire sociale des populations étudiantes. Tome 2},
    booktitle = {Les universités européennes du XVIe au XVIIIe siècles. Histoire sociale des populations étudiantes.Histoire sociale des populations étudiantes. Tome 2},
    publisher = {EHESS},
    location = {Paris},
    year = 1989,
    pagetotal = {},
    language = {français},
    keywords = {proceedings-crh, crh-1989}
    }

@proceedings{LeGoff3292-1989,
    editor = {Le Goff, Jacques and R. Rémond},
    editortype = {dir.},
    title = {Histoire de la France religieuse},
    booktitle = {Histoire de la France religieuse},
    publisher = {},
    location = {},
    year = 1989,
    pagetotal = {},
    language = {français},
    keywords = {proceedings-crh, crh-1989}
    }

@proceedings{Revel3492-1989,
    editor = {Revel, Jacques},
    editortype = {dir.},
    title = {Histoire de la France, t. I - L'Espace français},
    booktitle = {Histoire de la France, t. I - L'Espace français},
    publisher = {Seuil},
    location = {Paris},
    year = 1989,
    pagetotal = {},
    language = {français},
    keywords = {proceedings-crh, crh-1989}
    }

@proceedings{Revel3493-1989,
    editor = {Revel, Jacques and D. Julia},
    editortype = {dir.},
    title = {Les Universités européennes du XVIe au XVIIIe siècles.Histoire sociale des populations étudiantes.Tome 2},
    booktitle = {Les Universités européennes du XVIe au XVIIIe siècles.Histoire sociale des populations étudiantes.Tome 2},
    publisher = {EHESS},
    location = {Paris},
    year = 1989,
    pagetotal = {},
    language = {français},
    keywords = {proceedings-crh, crh-1989}
    }

@collection{Descimon2982-1989,
    author = {Descimon, Robert},
    editor = {},
    title = {Un nouveau style de gouvernement},
    booktitle = {Henri IV et la reconstruction du royaume, catalogue de l'exposition (Pau 1989)},
    publisher = {Réunion des Musées nationaux},
    location = {Paris},
    year = 1989,
    pagetotal = {6},
    language = {français},
    keywords = {expo-crh, crh-1989}
    }

@collection{Nahoum3127-1989,
    author = {Nahoum-Grappe, Véronique},
    editor = {},
    title = {L'ivresse},
    booktitle = {La Vigne et le Vin, catalogue de l'exposition: le vin à la Villette},
    publisher = {Edition La Manufacture},
    location = {Paris},
    year = 1989,
    pagetotal = {8},
    language = {français},
    keywords = {expo-crh, crh-1989}
    }

@incollection{Peter88-1989,
    author = {Peter, Jean-Pierre},
    editor = {},
    title = {Aux sources de la médicalisation, le regard et le mot : le travail des topographies médicales},
    booktitle = {Population et Culture, Etudes en l'honneur de François Lebrun},
    publisher = {AFL},
    location = {Rennes},
    year = 1989,
    pagetotal = {9},
    language = {français},
    keywords = {melanges-crh, crh-1989}
    }

@incollection{Beutler157-1989,
    author = {Beutler, Corinne},
    editor = {L.Mottu-Weber and D.Zumkeller},
    title = {Le marché du blé et les prix céréaliers à Montréal à la fin du régime seigneurial (1790-1840)},
    booktitle = {Mélanges d'histoire économique offerts au Professeur Anne-Marie Piuz},
    publisher = {ISTEC-université de Genève},
    location = {Genève},
    year = 1989,
    pagetotal = {13},
    language = {français},
    keywords = {melanges-crh, crh-1989}
    }

@incollection{Berthe2813-1989,
    author = {Berthe, Jean-Pierre},
    editor = {},
    title = {Les franciscains de la province mexicaine du Saint-Evangile en 1570 : un catalogue de Fray Jeronimo de Mendieta},
    booktitle = {Enquêtes sur l'Amérique moyenne. Mélanges offerts à Guy Stresser-Péan},
    publisher = {CEMCA et INAH},
    location = {Mexico},
    year = 1989,
    pagetotal = {22},
    language = {français},
    keywords = {melanges-crh, crh-1989}
    }

@incollection{Froeschle3090-1989,
    author = {Froeschle-Chopard, Marie-Hélène},
    editor = {},
    title = {Les confréries du Saint-Sacrement et la prière},
    booktitle = {Populations et Cultures, Etudes réunies en l'honneur de François Lebrun},
    publisher = {},
    location = {Rennes},
    year = 1989,
    pagetotal = {10},
    language = {français},
    keywords = {melanges-crh, crh-1989}
    }

@incollection{Julia3232-1989,
    author = {Julia, Dominique},
    editor = {},
    title = {Les écoles révolutionnaires de navigation et de canonnage maritime de l'an III},
    booktitle = {Populations et cultures, Etudes réunies en l'honneur de François Lebrun},
    publisher = {AFL},
    location = {Rennes},
    year = 1989,
    pagetotal = {10},
    language = {français},
    keywords = {melanges-crh, crh-1989}
    }

@incollection{Pomian9-1989,
    author = {Pomian, Krzysztof},
    editor = {F.Viatte},
    title = {Genova, Napoli, Venezia : tre destini},
    booktitle = {Barocco mediterraneo : Genova, Napoli, Venezia nei musei di Francia},
    publisher = {},
    location = {Naples},
    year = 1989,
    pagetotal = {8},
    language = {italien},
    keywords = {collectif-crh, crh-1989}
    }

@incollection{Ducreux89-1989,
    author = {Ducreux, Marie-Elisabeth},
    editor = {R.Chartier},
    title = {Reading unto Death : Books and Readers in Eighteenth-Century Bohemia},
    booktitle = {The Culture of Print},
    publisher = {},
    location = {Princeton},
    year = 1989,
    pagetotal = {39},
    language = {anglais},
    keywords = {collectif-crh, crh-1989}
    }

@incollection{Berlioz110-1989,
    author = {Berlioz, Jacques},
    editor = {J.Berlioz and C.Brémond and C.Velay-Vallantin},
    title = {L'ermite et le tailleur de pierres},
    booktitle = {Formes médiévales du conte merveilleux},
    publisher = {Stock},
    location = {Paris},
    year = 1989,
    pagetotal = {6},
    language = {français},
    keywords = {collectif-crh, crh-1989}
    }

@incollection{Berlioz120-1989,
    author = {Berlioz, Jacques},
    editor = {J.Berlioz and C.Brémond and C.Velay-Vallantin},
    title = {Robert le Diable},
    booktitle = {Formes médiévales du conte merveilleux},
    publisher = {Stock},
    location = {Paris},
    year = 1989,
    pagetotal = {15},
    language = {français},
    keywords = {collectif-crh, crh-1989}
    }

@incollection{Burguiere123-1989,
    author = {Burguiere, André},
    editor = {?},
    title = {La Famille et l'Etat. Débats et attentes de la société à la veille de la Révolution},
    booktitle = {La Famille, la Loi, l'Etat},
    publisher = {Centre Pompidou/Imprimerie nationale},
    location = {Paris},
    year = 1989,
    pagetotal = {10},
    language = {français},
    keywords = {collectif-crh, crh-1989}
    }

@incollection{Berlioz133-1989,
    author = {Berlioz, Jacques},
    editor = {J.Berlioz and C.Brémond and C.Velay-Vallantin},
    title = {La petite robe rouge},
    booktitle = {Formes médiévales du conte merveilleux},
    publisher = {Stock},
    location = {Paris},
    year = 1989,
    pagetotal = {7},
    language = {français},
    keywords = {collectif-crh, crh-1989}
    }

@incollection{Burguiere147-1989,
    author = {Burguiere, André},
    editor = {?},
    title = {La Famille : mythes et réalités},
    booktitle = {Origines et devenir de l'homme, Entretiens à la prison de Saint-Maur},
    publisher = {ERES réplique},
    location = {Toulouse},
    year = 1989,
    pagetotal = {27},
    language = {français},
    keywords = {collectif-crh, crh-1989}
    }

@incollection{Berthe167-1989,
    author = {Berthe, Jean-Pierre},
    editor = {J.L.Peset},
    title = {Le mercure et l'industrie minière mexicaine au XVIe siècle},
    booktitle = {Ciencia, Vida y Espacio en Iberoamérica},
    publisher = {},
    location = {Madrid},
    year = 1989,
    pagetotal = {12},
    language = {français},
    keywords = {collectif-crh, crh-1989}
    }

@incollection{Bonnain178-1989,
    author = {Bonnain, Rolande},
    editor = {A.Metton},
    title = {Législation et commerce périodique au XIXe siècle},
    booktitle = {L'Application de la Loi},
    publisher = {CNRS/CNG},
    location = {Paris},
    year = 1989,
    pagetotal = {13},
    language = {français},
    keywords = {collectif-crh, crh-1989}
    }

@incollection{Bonnain181-1989,
    author = {Bonnain, Rolande},
    editor = {F.Sabban},
    title = {De la châtaigne au confit},
    booktitle = {L'honnête volupté},
    publisher = {EVRSH},
    location = {Paris},
    year = 1989,
    pagetotal = {4},
    language = {français},
    keywords = {collectif-crh, crh-1989}
    }

@incollection{Chartier236-1989,
    author = {Chartier, Roger},
    editor = {R.Chartier},
    title = {The Practical Impact of Writing},
    booktitle = {History of Private Life, III - Passions of the Renaissance},
    publisher = {The Belknap Press of Harvard University Press},
    location = {Cambridge Mass./Londres},
    year = 1989,
    pagetotal = {50},
    language = {anglais},
    keywords = {collectif-crh, crh-1989}
    }

@incollection{Chartier244-1989,
    author = {Chartier, Roger},
    editor = {D.Hollier},
    title = {Historiography in the Age of Absolutism},
    booktitle = {A New History of French Litterature},
    publisher = {Harvard University Press},
    location = {Cambridge Mass./Londres},
    year = 1989,
    pagetotal = {6},
    language = {anglais},
    keywords = {collectif-crh, crh-1989}
    }

@incollection{Chartier248-1989,
    author = {Chartier, Roger},
    editor = {S.Zimmerman and R.F.E.Weissman},
    title = {Leisure and Sociability : Reading Aloud in Early Modern Europe},
    booktitle = {Urban Life in the Renaissance},
    publisher = {University of Delaware Press/Associated University Press},
    location = {Newark/Londres/Toronto},
    year = 1989,
    pagetotal = {18},
    language = {anglais},
    keywords = {collectif-crh, crh-1989}
    }

@incollection{Chartier257-1989,
    author = {Chartier, Roger},
    editor = {R.Chartier},
    title = {The Hanged Woman Miraculously Saved : An occasionnal},
    booktitle = {The Culture of Print. Power and the Uses of Print in Early Modern Europe, 15th-19th Centuries},
    publisher = {Polity press/Princeton University press},
    location = {Cambridge/Princeton},
    year = 1989,
    pagetotal = {33},
    language = {anglais},
    keywords = {collectif-crh, crh-1989}
    }

@incollection{Chartier258-1989,
    author = {Chartier, Roger},
    editor = {R.Chartier},
    title = {From rituals to the Hearth : Marriage Charters in Seventeenth-Century Lyons},
    booktitle = {The Culture of Print. Power and the Uses of Print in Early Modern Europe, 15th-19th Centuries},
    publisher = {Polity press/Princeton University press},
    location = {Cambridge/Princeton},
    year = 1989,
    pagetotal = {17},
    language = {anglais},
    keywords = {collectif-crh, crh-1989}
    }

@incollection{Jeannin264-1989,
    author = {Jeannin, Pierre},
    editor = {?},
    title = {Les manuels de pratique commerciale imprimés pour les marchands français, XVI-XVIIIe siècles},
    booktitle = {Le négoce international XIIIe-XXe siècles},
    publisher = {},
    location = {Paris},
    year = 1989,
    pagetotal = {23},
    language = {français},
    keywords = {collectif-crh, crh-1989}
    }

@incollection{Vincent268-1989,
    author = {Vincent, Bernard},
    editor = {J.C.Villegas},
    title = {Histoire de propriétaires},
    booktitle = {Plages d'exil, les camps de réfugiés espagnols en France, 1939},
    publisher = {},
    location = {Paris/Dijon},
    year = 1989,
    pagetotal = {8},
    language = {français},
    keywords = {collectif-crh, crh-1989}
    }

@incollection{Woronoff298-1989,
    author = {Woronoff, Denis},
    editor = {D.Woronoff},
    title = {La 'dévastation' révolutionnaire des forêts},
    booktitle = {Révolution et espaces forestiers},
    publisher = {},
    location = {Paris},
    year = 1989,
    pagetotal = {9},
    language = {français},
    keywords = {collectif-crh, crh-1989}
    }

@incollection{Julia335-1989,
    author = {Julia, Dominique},
    editor = {U.Herrmann and J.Oelkers},
    title = {L'institution du citoyen. Die Erziehung des Staatsbürgers. Das öffentliche Unterrichtswesen und die Nationalerziehung in den Erziehungsprogrammen der Revolutionszeit (1789-1795)},
    booktitle = {Zeitschrift für Pädagogik},
    publisher = {Beltz Verlag},
    location = {Weinheim et Bâle},
    year = 1989,
    pagetotal = {41},
    language = {allemand},
    keywords = {collectif-crh, crh-1989}
    }

@incollection{Jouhaud368-1989,
    author = {Jouhaud, Christian and R. Chartier},
    editor = {C.Reichler},
    title = {Pratiques historiennes des textes},
    booktitle = {L'interprétation des textes},
    publisher = {},
    location = {Paris},
    year = 1989,
    pagetotal = {27},
    language = {français},
    keywords = {collectif-crh, crh-1989}
    }

@incollection{Tenenti413-1989,
    author = {Tenenti, Alberto},
    editor = {?},
    title = {Lo sguardo francese sulla Milano spagnola},
    booktitle = {Millain the great : Milano nelle brume del Seicento},
    publisher = {},
    location = {Milan},
    year = 1989,
    pagetotal = {16},
    language = {italien},
    keywords = {collectif-crh, crh-1989}
    }

@incollection{Valensi433-1989,
    author = {Valensi, Lucette},
    editor = {M.R.Cohen and A.L.Udovitch},
    title = {Religious orthodoxy or local tradition : Marriage celebration in Southern Tunisia},
    booktitle = {Jews among Arabs. Contacts and Boundaries},
    publisher = {The Darwin Press},
    location = {Princeton},
    year = 1989,
    pagetotal = {20},
    language = {anglais},
    keywords = {collectif-crh, crh-1989}
    }

@incollection{Furet459-1989,
    author = {Furet, François},
    editor = {F.Furet and M.Ozouf},
    title = {Edgar Quinet},
    booktitle = {The French Revolution and the Creation of Modern Political Culture},
    publisher = {Pergamon Press},
    location = {Oxford},
    year = 1989,
    pagetotal = {11},
    language = {français},
    keywords = {collectif-crh, crh-1989}
    }

@incollection{Furet460-1989,
    author = {Furet, François},
    editor = {F.Furet and M.Ozouf},
    title = {La Terreur sous le Directoire},
    booktitle = {The French Revolution and the Creation of Modern Political Culture},
    publisher = {Pergamon Press},
    location = {Oxford},
    year = 1989,
    pagetotal = {14},
    language = {français},
    keywords = {collectif-crh, crh-1989}
    }

@incollection{Guerreau510-1989,
    author = {Guerreau, Alain},
    editor = {J.L.Biget},
    title = {Notes statistiques sur les jardins de Saint-Flour (XIVe siècle)},
    booktitle = {Les cadastres anciens et leur traitement informatique},
    publisher = {},
    location = {Rome},
    year = 1989,
    pagetotal = {},
    language = {français},
    keywords = {collectif-crh, crh-1989}
    }

@incollection{Tenenti549-1989,
    author = {Tenenti, Alberto},
    editor = {?},
    title = {L'immagine di Genova nella letteratura di viaggio : secc. XVII-XVIII},
    booktitle = {Civiltà della parola},
    publisher = {},
    location = {Milan},
    year = 1989,
    pagetotal = {16},
    language = {italien},
    keywords = {collectif-crh, crh-1989}
    }

@incollection{Andreau619-1989,
    author = {Andreau, Jean},
    editor = {A.Giardino},
    title = {Il liberto},
    booktitle = {L'Uomo romano},
    publisher = {},
    location = {Rome-Bari},
    year = 1989,
    pagetotal = {27},
    language = {italien},
    keywords = {collectif-crh, crh-1989}
    }

@incollection{Andreau624-1989,
    author = {Andreau, Jean},
    editor = {J.M.Pailler},
    title = {M.I. Rostovtseff, la décadence romaine et la Révolution russe},
    booktitle = {Actualité de l'Antiquité},
    publisher = {},
    location = {Paris},
    year = 1989,
    pagetotal = {7},
    language = {français},
    keywords = {collectif-crh, crh-1989}
    }

@incollection{Schmitt741-1989,
    author = {Schmitt, Jean-Claude},
    editor = {A.P.Bagliani and G.Stabile},
    title = {Bildhaftes Denken. Die Darstellung biblischer Träume in mittelälterlichen Handschriften},
    booktitle = {Träume im Mittelalter. Ikonologische Studien},
    publisher = {Belser Verlag},
    location = {Stuttgart/Zurich},
    year = 1989,
    pagetotal = {16},
    language = {allemand},
    keywords = {collectif-crh, crh-1989}
    }

@incollection{Schmitt746-1989,
    author = {Schmitt, Jean-Claude},
    editor = {J. Berlioz and Cl. Brémond and C. Velay-Valentin},
    title = {Les tribulations du roi Herla},
    booktitle = {Formes médiévales du conte merveilleux},
    publisher = {Stock},
    location = {Paris},
    year = 1989,
    pagetotal = {8},
    language = {français},
    keywords = {collectif-crh, crh-1989}
    }

@incollection{Alexandre850-1989,
    author = {Alexandre-Bidon, Danièle},
    editor = {?},
    title = {Du drapeau à la cotte : vêtir l'enfant au Moyen Age},
    booktitle = {Le vêtement, Histoire, archéologie et symbolique vestimentaires au Moyen Age, Cahiers du Léopard d'Or},
    publisher = {},
    location = {Paris},
    year = 1989,
    pagetotal = {},
    language = {français},
    keywords = {collectif-crh, crh-1989}
    }

@incollection{LeGoff878-1989,
    author = {Le Goff, Jacques},
    editor = {J. Revel and A. Burguière},
    title = {Le Moyen Age},
    booktitle = {Histoire de la France, t.II: L'Etat et les pouvoirs},
    publisher = {Seuil},
    location = {Paris},
    year = 1989,
    pagetotal = {},
    language = {français},
    keywords = {collectif-crh, crh-1989}
    }

@incollection{Pestre882-1989,
    author = {Pestre, Dominique},
    editor = {A.J.L.James},
    title = {'Monsters' and Colliders in 1961 : the First Debate at CERN on Future Accelerators},
    booktitle = {The Development of the Laboratory},
    publisher = {Mac Millan Press},
    location = {Londres},
    year = 1989,
    pagetotal = {},
    language = {anglais},
    keywords = {collectif-crh, crh-1989}
    }

@incollection{PoloDeBeaulieu883-1989,
    author = {Polo De Beaulieu, Marie-Anne},
    editor = {M. Brossard-Dandré and G. Besson},
    title = {Richard Coeur de Lion. Histoire et légende},
    booktitle = {Richard Coeur de Lion. Histoire et légende},
    publisher = {UGE},
    location = {Paris},
    year = 1989,
    pagetotal = {},
    language = {français},
    keywords = {collectif-crh, crh-1989}
    }

@incollection{Dupaquier1506-1989,
    author = {Dupaquier, Jacques},
    editor = {?},
    title = {Révolution et protection sociale},
    booktitle = {La famille, la Loi, l'Etat},
    publisher = {Centre Georges Pompidou},
    location = {Paris},
    year = 1989,
    pagetotal = {},
    language = {français},
    keywords = {collectif-crh, crh-1989}
    }

@incollection{Bergeron1566-1989,
    author = {Bergeron, Louis},
    editor = {J. Revel},
    title = {L'Espace du capital},
    booktitle = {Histoire de France. T.1: l'espace français},
    publisher = {Seuil},
    location = {Paris},
    year = 1989,
    pagetotal = {84},
    language = {français},
    keywords = {collectif-crh, crh-1989}
    }

@incollection{Dupaquier1704-1989,
    author = {Dupaquier, Jacques},
    editor = {?},
    title = {L'apport des Suisses à la constitution de la population d'Ile de France},
    booktitle = {Les gardes suisses et leurs familles aux XVIIe et XVIIIe siècles en région parisienne},
    publisher = {Société historique de Rueil-Malmaison},
    location = {Rueil-Malmaison},
    year = 1989,
    pagetotal = {8},
    language = {français},
    keywords = {collectif-crh, crh-1989}
    }

@incollection{Milo2120-1989,
    author = {Milo, Daniel},
    editor = {J.Revel},
    title = {Une seule France ?},
    booktitle = {Histoire de France, t.I: L'espace},
    publisher = {Seuil},
    location = {Paris},
    year = 1989,
    pagetotal = {34},
    language = {français},
    keywords = {collectif-crh, crh-1989}
    }

@incollection{Scherrer2164-1989,
    author = {Scherrer, Jutta},
    editor = {M.Ferro and S.Fitzpatrick},
    title = {Pour l'hégémonie culturelle du prolétariat : aux origines historiques du concept et de la vision de la 'culture prolétarienne'},
    booktitle = {Culture et révolution},
    publisher = {EHESS},
    location = {Paris},
    year = 1989,
    pagetotal = {13},
    language = {français},
    keywords = {collectif-crh, crh-1989}
    }

@incollection{Emptoz2401-1989,
    author = {Emptoz, Gérard},
    editor = {?},
    title = {Du procédé Leblanc à la naissance de la chimie industrielle},
    booktitle = {Deux cents ans de science française, Science et Vie, hors série},
    publisher = {},
    location = {},
    year = 1989,
    pagetotal = {5},
    language = {français},
    keywords = {collectif-crh, crh-1989}
    }

@incollection{Aymard2541-1989,
    author = {Aymard, Maurice},
    editor = {Piero Bevilacqua},
    title = {Il sud e i circuiti del grano},
    booktitle = {Storia dell'Agricoltura Italiana in et à contemporanea},
    publisher = {Marsilio},
    location = {Venise},
    year = 1989,
    pagetotal = {33},
    language = {italien},
    keywords = {collectif-crh, crh-1989}
    }

@incollection{Scherrer2695-1989,
    author = {Scherrer, Jutta},
    editor = {J.Afanassiev and M.Ferro},
    title = {Socializm, kommunizm},
    booktitle = {Opyt slovarja novogo myslenija},
    publisher = {Progress},
    location = {Moscou},
    year = 1989,
    pagetotal = {5},
    language = {russe},
    keywords = {collectif-crh, crh-1989}
    }

@incollection{Scherrer2751-1989,
    author = {Scherrer, Jutta},
    editor = {J.Ritter and K.Gründer},
    title = {Populismus},
    booktitle = {Historisches Wörterbuch der Philosophie},
    publisher = {Schwabe},
    location = {Basel},
    year = 1989,
    pagetotal = {6},
    language = {allemand},
    keywords = {collectif-crh, crh-1989}
    }

@incollection{Bavant2764-1989,
    author = {Bavant, Bernard and J.-P. Fourdrin and A. Naccache and J.-P. Sodini and G. Tate},
    editor = {?},
    title = {La mission de Syrie du Nord},
    booktitle = {Contribution française à l'archéologie syrienne 1969-1989},
    publisher = {},
    location = {Damas},
    year = 1989,
    pagetotal = {23},
    language = {français},
    keywords = {collectif-crh, crh-1989}
    }

@incollection{Milo2853-1989,
    author = {Milo, Daniel},
    editor = {P.Nora},
    title = {Les classiques scolaires},
    booktitle = {Les Lieux de mémoire, II - La Nation},
    publisher = {Gallimard},
    location = {Paris},
    year = 1989,
    pagetotal = {46},
    language = {français},
    keywords = {collectif-crh, crh-1989}
    }

@incollection{Chartier2906-1989,
    author = {Chartier, Roger},
    editor = {Ph. Ariès Y.-G. Duby},
    title = {Las practicas de lo escrito},
    booktitle = {Historia de la vide privada, t. 3 - Del Renacimiento a la Ilustracion},
    publisher = {},
    location = {},
    year = 1989,
    pagetotal = {50},
    language = {portugais},
    keywords = {collectif-crh, crh-1989}
    }

@incollection{Chartier2907-1989,
    author = {Chartier, Roger},
    editor = {Ph. Ariès En G. Duby},
    title = {De praktijk van het geschreven woord},
    booktitle = {Geschiedenis van het persoonlijk leven, III - Van de Renaissance tot de Verlichting},
    publisher = {},
    location = {},
    year = 1989,
    pagetotal = {45},
    language = {hollandais},
    keywords = {collectif-crh, crh-1989}
    }

@incollection{Chartier2908-1989,
    author = {Chartier, Roger and Ch. Jouhaud},
    editor = {Cl. Reichler},
    title = {Pratiques historiennes des textes},
    booktitle = {L'interprétation des textes},
    publisher = {},
    location = {},
    year = 1989,
    pagetotal = {27},
    language = {français},
    keywords = {collectif-crh, crh-1989}
    }

@incollection{Chartier2910-1989,
    author = {Chartier, Roger},
    editor = {?},
    title = {Texts, Printings, Readings},
    booktitle = {The New Cultural History},
    publisher = {University of California Press},
    location = {Berkeley et Los Angeles},
    year = 1989,
    pagetotal = {22},
    language = {anglais},
    keywords = {collectif-crh, crh-1989}
    }

@incollection{Chaussinand2937-1989,
    author = {Chaussinand-Nogaret, Guy},
    editor = {J.Villaverde},
    title = {De la aristocratia a las élites},
    booktitle = {Alcance y legado de la Revolucion francesa},
    publisher = {},
    location = {Madrid},
    year = 1989,
    pagetotal = {12},
    language = {espagnol},
    keywords = {collectif-crh, crh-1989}
    }

@incollection{Farge3016-1989,
    author = {Farge, Arlette},
    editor = {?},
    title = {Paris populaire à la veille de la Révolution},
    booktitle = {La Révolution Française et l'Europe},
    publisher = {},
    location = {Paris},
    year = 1989,
    pagetotal = {},
    language = {français},
    keywords = {collectif-crh, crh-1989}
    }

@incollection{Goy3114-1989,
    author = {Goy, Joseph},
    editor = {?},
    title = {Le paradoxe de la codification : uniformité législative et diversité du monde rural},
    booktitle = {La famille, la loi, l'état. De la Révolution au Code civil},
    publisher = {},
    location = {Paris},
    year = 1989,
    pagetotal = {6},
    language = {français},
    keywords = {collectif-crh, crh-1989}
    }

@incollection{Nahoum3125-1989,
    author = {Nahoum-Grappe, Véronique},
    editor = {?},
    title = {L'invention de la cuisine bourgeoise},
    booktitle = {L'état de la France pendant la Révolution},
    publisher = {La découverte},
    location = {Paris},
    year = 1989,
    pagetotal = {4},
    language = {français},
    keywords = {collectif-crh, crh-1989}
    }

@incollection{Nahoum3130-1989,
    author = {Nahoum-Grappe, Véronique},
    editor = {N. Lapierre},
    title = {Dormir},
    booktitle = {Communications : La mémoire},
    publisher = {},
    location = {},
    year = 1989,
    pagetotal = {15},
    language = {français},
    keywords = {collectif-crh, crh-1989}
    }

@incollection{Nahoum3131-1989,
    author = {Nahoum-Grappe, Véronique and C. Le Vot-Ifrah and M. Mathelin},
    editor = {?},
    title = {Histoire et anthropologie du Boire en France},
    booktitle = {De l'iveresse à l'alcoolisme},
    publisher = {Dunod},
    location = {Paris},
    year = 1989,
    pagetotal = {},
    language = {français},
    keywords = {collectif-crh, crh-1989}
    }

@incollection{Green3138-1989,
    author = {Green, Nancy and J.-M. Chouraqui and P. Girard and L. Rosen},
    editor = {A. Kaspi},
    title = {La révolution française et l'émancipation des Juifs de France},
    booktitle = {},
    publisher = {Hamoré},
    location = {Paris},
    year = 1989,
    pagetotal = {},
    language = {français},
    keywords = {collectif-crh, crh-1989}
    }

@incollection{Nora3181-1989,
    author = {Nora, Pierre},
    editor = {P.Nora},
    title = {La Nation-Mémoire},
    booktitle = {Les Lieux de mémoire, II - La Nation},
    publisher = {Gallimard},
    location = {Paris},
    year = 1989,
    pagetotal = {13},
    language = {français},
    keywords = {collectif-crh, crh-1989}
    }

@incollection{Jeannin3189-1989,
    author = {Jeannin, Pierre},
    editor = {B. Garnier},
    title = {Les poids et mesures dans les manuels de pratique commerciale},
    booktitle = {Introduction à la métrologie historique},
    publisher = {},
    location = {Paris},
    year = 1989,
    pagetotal = {9},
    language = {français},
    keywords = {collectif-crh, crh-1989}
    }

@incollection{Julia3223-1989,
    author = {Julia, Dominique},
    editor = {?},
    title = {La formation des officiers de marine dans la seconde moitié du XVIIIe siècle : des gardes de la marine aux écoles d'Alès et de Vannes},
    booktitle = {Vannes aux débuts de la Révolution},
    publisher = {Les amis de Vannes},
    location = {Vannes},
    year = 1989,
    pagetotal = {68},
    language = {français},
    keywords = {collectif-crh, crh-1989}
    }

@incollection{Julia3233-1989,
    author = {Julia, Dominique},
    editor = {A. Burguière and J. Revel},
    title = {Les ressources culturelles. Les réseaux scolaires. Les privilèges urbains. Une culture passante : itinéraires et échanges},
    booktitle = {Histoire de la France. T.2: L'Etat et les pouvoirs},
    publisher = {Seuil},
    location = {Paris},
    year = 1989,
    pagetotal = {99},
    language = {français},
    keywords = {collectif-crh, crh-1989}
    }

@incollection{LeGoff3281-1989,
    author = {Le Goff, Jacques},
    editor = {?},
    title = {L'exemplum et la rhétorique de la prédication aux XIIIe et XIVe siècles},
    booktitle = {Retorica e Poetica tra i secoli XII e XIV, Regione dell'Umbria},
    publisher = {La nuova Italia},
    location = {},
    year = 1989,
    pagetotal = {27},
    language = {français},
    keywords = {collectif-crh, crh-1989}
    }

@incollection{LeGoff3284-1989,
    author = {Le Goff, Jacques},
    editor = {?},
    title = {Un imaginaire religieux médiéval},
    booktitle = {Margit Gari, Le Vinaigre et le Fiel},
    publisher = {Plon},
    location = {Paris},
    year = 1989,
    pagetotal = {14},
    language = {français},
    keywords = {collectif-crh, crh-1989}
    }

@incollection{LeGoff3285-1989,
    author = {Le Goff, Jacques},
    editor = {?},
    title = {L'imaginario in Wiligelmo},
    booktitle = {Wiligelmo e Lanfranco nell'Europa romana},
    publisher = {},
    location = {Modène},
    year = 1989,
    pagetotal = {10},
    language = {italien},
    keywords = {collectif-crh, crh-1989}
    }

@incollection{LeGoff3290-1989,
    author = {Le Goff, Jacques},
    editor = {P.Nora},
    title = {L'appétit de l'Histoire},
    booktitle = {Essais d'Ego-Histoire},
    publisher = {Gallimard},
    location = {Paris},
    year = 1989,
    pagetotal = {67},
    language = {français},
    keywords = {collectif-crh, crh-1989}
    }

@incollection{Netter3350-1989,
    author = {Netter, Marie-Laurence and E. Lemay},
    editor = {},
    title = {La Constituante et le député-héros},
    booktitle = {La Révolution française et l'Homme Moderne},
    publisher = {Messidor},
    location = {Paris},
    year = 1989,
    pagetotal = {8},
    language = {français},
    keywords = {collectif-crh, crh-1989}
    }

@incollection{Ozouf3369-1989,
    author = {Ozouf, Mona},
    editor = {?},
    title = {Entre l'émeute et la fête : l'hiver 1790 en Quercy},
    booktitle = {Revolution et Tradition en Vicomté de Turenne},
    publisher = {Association des amis de Saint-Céré},
    location = {Brive},
    year = 1989,
    pagetotal = {},
    language = {français},
    keywords = {collectif-crh, crh-1989}
    }

@incollection{Ozouf3372-1989,
    author = {Ozouf, Mona},
    editor = {?},
    title = {Que commémorons-nous ?},
    booktitle = {La Révolution française dans le duché de Savoie},
    publisher = {ADUS},
    location = {Chambéry},
    year = 1989,
    pagetotal = {},
    language = {français},
    keywords = {collectif-crh, crh-1989}
    }

@incollection{Dupaquier3378-1989,
    author = {Dupaquier, Jacques},
    editor = {?},
    title = {Un grand tournant dans l'histoire de la population française, 1750-1850},
    booktitle = {La Révolution, la France et l'Allemagne},
    publisher = {MSH},
    location = {Paris},
    year = 1989,
    pagetotal = {},
    language = {français},
    keywords = {collectif-crh, crh-1989}
    }

@incollection{Pestre3391-1989,
    author = {Pestre, Dominique},
    editor = {Raffaella Simili},
    title = {Alcuni osservazioni sulle pratiche scientifiche tra il 1900 e 1940 : il case della fisica in Francia},
    booktitle = {Federigo Enriques, Filosofo e scienziato},
    publisher = {Capelli},
    location = {},
    year = 1989,
    pagetotal = {14},
    language = {italien},
    keywords = {collectif-crh, crh-1989}
    }

@incollection{Pomian3458-1989,
    author = {Pomian, Krzysztof},
    editor = {?},
    title = {Le musée face à l'art de son temps},
    booktitle = {L'art contemporain et le musée},
    publisher = {},
    location = {},
    year = 1989,
    pagetotal = {},
    language = {français},
    keywords = {collectif-crh, crh-1989}
    }

@incollection{Pomian3466-1989,
    author = {Pomian, Krzysztof},
    editor = {?},
    title = {La science dans la culture},
    booktitle = {Les idées en France 1945-1988. Une chronologie},
    publisher = {},
    location = {Paris},
    year = 1989,
    pagetotal = {10},
    language = {français},
    keywords = {collectif-crh, crh-1989}
    }

@incollection{Randles3470-1989,
    author = {Randles, William},
    editor = {M.Pelletier},
    title = {De la carte-portulan méditerranéenne à la carte marine du monde des Grandes Découvertes : la crise de la cartographie au XVIe siècle},
    booktitle = {Géographie du Monde au Moyen Age},
    publisher = {Ed. du comité des travaux historiques et scientifiques},
    location = {Paris},
    year = 1989,
    pagetotal = {7},
    language = {français},
    keywords = {collectif-crh, crh-1989}
    }

@incollection{Ribaucourt3497-1989,
    author = {Ribaucourt, Colette},
    editor = {J. Berlioz and Cl. Brémond and C. Velay-Vallantin},
    title = {Ami et Amie},
    booktitle = {Formes Médiévales du conte merveilleux},
    publisher = {},
    location = {},
    year = 1989,
    pagetotal = {9},
    language = {français},
    keywords = {collectif-crh, crh-1989}
    }

@incollection{Schmitt3545-1989,
    author = {Schmitt, Jean-Claude},
    editor = {P. Mengal and F. Parot},
    title = {La 'découverte de l'individu' : une fiction historiographique},
    booktitle = {La fabrique, la figure et la feinte. Fictions et statut de la fiction en psychologie},
    publisher = {},
    location = {},
    year = 1989,
    pagetotal = {24},
    language = {français},
    keywords = {collectif-crh, crh-1989}
    }

@incollection{Schnapper3568-1989,
    author = {Schnapper, Dominique},
    editor = {?},
    title = {L'antisemitismo in Francia},
    booktitle = {Ebraismo e antiebraismo : immagine e pregiudizio},
    publisher = {Giuntina},
    location = {Florence},
    year = 1989,
    pagetotal = {7},
    language = {italien},
    keywords = {collectif-crh, crh-1989}
    }

@incollection{Valensi3596-1989,
    author = {Valensi, Lucette},
    editor = {?},
    title = {Les Juifs de Tunisie. Images et textes, I - L'Histoire; IV - La tradition judéo-arabe},
    booktitle = {Les Juifs de Tunisie. Images et textes, I - L'Histoire; IV - La tradition judéo-arabe},
    publisher = {Scribe},
    location = {Paris},
    year = 1989,
    pagetotal = {39},
    language = {français},
    keywords = {collectif-crh, crh-1989}
    }

@incollection{Woronoff3615-1989,
    author = {Woronoff, Denis},
    editor = {B.Garnier and J.Cl.Hocquet and D.Woronoff},
    title = {Les archives d'entreprise},
    booktitle = {Introduction à la métrologie historique},
    publisher = {},
    location = {Paris},
    year = 1989,
    pagetotal = {7},
    language = {français},
    keywords = {collectif-crh, crh-1989}
    }

@incollection{Woronoff3616-1989,
    author = {Woronoff, Denis},
    editor = {B.Garnier and J.Cl.Hocquet and D.Woronoff},
    title = {Les minerais},
    booktitle = {Introduction à la métrologie historique},
    publisher = {},
    location = {Paris},
    year = 1989,
    pagetotal = {4},
    language = {français},
    keywords = {collectif-crh, crh-1989}
    }

@incollection{Bourdelais5022-1989,
    author = {Bourdelais, Patrice},
    editor = {A. Burguière and J. Revel},
    title = {Le paysage humain},
    booktitle = {Histoire de la France t. I - L'Espace français},
    publisher = {Seuil},
    location = {Paris},
    year = 1989,
    pagetotal = {115},
    language = {français},
    keywords = {collectif-crh, crh-1989}
    }

@incollection{Descimon5351-1989,
    author = {Descimon, Robert and A. Guéry},
    editor = {A.Burguière and J.Revel},
    title = {Un Etat des Temps modernes},
    booktitle = {Histoire de la France. T.2: L'Etat et les pouvoirs},
    publisher = {Seuil},
    location = {Paris},
    year = 1989,
    pagetotal = {176},
    language = {français},
    keywords = {collectif-crh, crh-1989}
    }

@incollection{PoloDeBeaulieu5376-1989,
    author = {Polo De Beaulieu, Marie-Anne},
    editor = {J. Berlioz and C. Velay-Vallantin and Cl. Brémond},
    title = {Recueil d'exempla},
    booktitle = {Formes médiévales du conte merveilleux},
    publisher = {Stock},
    location = {Paris},
    year = 1989,
    pagetotal = {37},
    language = {français},
    keywords = {collectif-crh, crh-1989}
    }

@incollection{Chartier2905-1989,
    author = {Chartier, Roger},
    editor = {R.Chartier},
    title = {General Introduction : Print Culture},
    booktitle = {The culture of print. Power and the uses of print in early modern Europe, 15th-19th centuries},
    publisher = {Polity press},
    location = {Cambridge},
    year = 1989,
    pagetotal = {10},
    language = {anglais},
    keywords = {intro-preface-crh, crh-1989}
    }

@incollection{Chartier2914-1989,
    author = {Chartier, Roger and D. Roche},
    editor = {},
    title = {Introduction : Les livres ont-ils fait la Révolution ?},
    booktitle = {Actes du colloque Livre et Révolution, Bibliothèque nationale 1987},
    publisher = {Aux amateurs de livres},
    location = {Paris},
    year = 1989,
    pagetotal = {12},
    language = {français},
    keywords = {intro-book-crh, crh-1989}
    }

@article{Froeschle3089-1989,
    author = {Froeschle-Chopard, Marie-Hélène},
    title = {Introduction. Confréries et dévotions à l'épreuve de la Révolution},
    journal = {Provence Historique},
    year = 1989,
    language = {français},
    keywords = {intro-journal-crh, crh-1989}
    }

@article{Pestre3392-1989,
    author = {Pestre, Dominique},
    title = {En guise d'introduction : quelques commentaires sur les 'témoignages oraux'},
    journal = {Cahiers pour l'histoire du CERN 1939-1989},
    year = 1989,
    language = {français},
    keywords = {intro-journal-crh, crh-1989}
    }

@incollection{Daumard2950-1989,
    author = {Daumard, Adeline},
    editor = {},
    title = {préface},
    booktitle = {Les classes bourgeoises et l'avènement de la démocratie},
    publisher = {Albin Michel},
    location = {Paris},
    year = 1989,
    pagetotal = {17},
    language = {français},
    keywords = {preface-book-crh, crh-1989}
    }

@incollection{Fridenson3066-1989,
    author = {Fridenson, Patrick},
    editor = {},
    title = {avant propos},
    booktitle = {Stratégies et structures des entreprises},
    publisher = {Editions d'Organisation},
    location = {Paris},
    year = 1989,
    pagetotal = {6},
    language = {français},
    keywords = {preface-book-crh, crh-1989}
    }

@incollection{Revel3494-1989,
    author = {Revel, Jacques},
    editor = {},
    title = {L'histoire au ras du sol},
    booktitle = {Le Pouvoir au village. Histoire d'un exorciste dans le Piémont du XVIIe siècle},
    publisher = {Gallimard},
    location = {Paris},
    year = 1989,
    pagetotal = {33},
    language = {français},
    keywords = {preface-book-crh, crh-1989}
    }

@incollection{Schmitt3546-1989,
    author = {Schmitt, Jean-Claude},
    editor = {},
    title = {Préface},
    booktitle = {La donna, la lussuria e la chiesa nel medioevo},
    publisher = {ECIG},
    location = {Gênes},
    year = 1989,
    pagetotal = {6},
    language = {italien},
    keywords = {preface-book-crh, crh-1989}
    }

@book{Boureau2831-1989,
    author = {Boureau, Alain},
    title = {I due corpi del Re},
    publisher = {Einaudi},
    series = {},
    location = {Turin},
    year = 1989,
    pagetotal = {16},
    language = {italien},
    % addendum = {Introduzione},
    keywords = {edition-txt-crh, crh-1989}
    }

@book{Hartog3178-1989,
    author = {Hartog, François},
    title = {Rapports à l'Empereur, Histoire et Littérature ancienne},
    publisher = {Belin},
    series = {},
    location = {Paris},
    year = 1989,
    pagetotal = {330},
    language = {français},
    % addendum = {présentation et notes},
    keywords = {edition-txt-crh, crh-1989}
    }

@book{Pomian3460-1989,
    author = {Pomian, Krzysztof},
    title = {Journal écrit la nuit},
    publisher = {UGE},
    series = {10-18},
    location = {Paris},
    year = 1989,
    pagetotal = {11},
    language = {français},
    % addendum = {Un manichéisme à l'usage de notre temps},
    keywords = {edition-txt-crh, crh-1989}
    }

@book{Chaussinand905-1989,
    author = {Chaussinand-Nogaret, Guy},
    editor = {},
    title = {Madame Roland (traduction italienne)},
    publisher = {Mursia},
    series = {},
    location = {Milan},
    year = 1989,
    pagetotal = {317},
    language = {italien},
    addendum = {réédition},
    keywords = {reedition-crh, crh-1989}
    }

@book{Boureau2830-1989,
    author = {Boureau, Alain},
    editor = {},
    title = {La Papisa Juana},
    publisher = {EDAF},
    series = {},
    location = {Madrid},
    year = 1989,
    pagetotal = {},
    language = {espagnol},
    addendum = {réédition},
    keywords = {reedition-crh, crh-1989}
    }

@book{Chaussinand2933-1989,
    author = {Chaussinand-Nogaret, Guy},
    editor = {},
    title = {Mirabeau (traduction allemande)},
    publisher = {Klett-Cotta},
    series = {},
    location = {Stuttgart},
    year = 1989,
    pagetotal = {329},
    language = {allemand},
    addendum = {réédition},
    keywords = {reedition-crh, crh-1989}
    }

@book{Chaussinand2934-1989,
    author = {Chaussinand-Nogaret, Guy},
    editor = {},
    title = {Madame Roland (traduction allemande)},
    publisher = {Klett-Cotta},
    series = {},
    location = {Stuttgart},
    year = 1989,
    pagetotal = {372},
    language = {allemand},
    addendum = {réédition},
    keywords = {reedition-crh, crh-1989}
    }

@book{LeGoff3291-1989,
    author = {Le Goff, Jacques},
    editor = {},
    title = {La Nouvelle Histoire},
    publisher = {Ed. Complexe},
    series = {nouvelle édition},
    location = {Paris},
    year = 1989,
    pagetotal = {},
    language = {français},
    addendum = {réédition},
    keywords = {reedition-crh, crh-1989}
    }

@book{Pomian3456-1989,
    author = {Pomian, Krzysztof},
    editor = {},
    title = {Collezionisti, amatori e curiosi. Parigi-Venezia XVI-XVIII secolo},
    publisher = {Mondadori},
    series = {},
    location = {Milan},
    year = 1989,
    pagetotal = {},
    language = {italien},
    addendum = {réédition},
    keywords = {reedition-crh, crh-1989}
    }

@book{Valensi3597-1989,
    author = {Valensi, Lucette},
    editor = {},
    title = {Venezia e la Sublime Porta. La nascita del despota},
    publisher = {Il Mulino},
    series = {},
    location = {Bologne},
    year = 1989,
    pagetotal = {},
    language = {italien},
    addendum = {réédition},
    keywords = {reedition-crh, crh-1989}
    }

@incollection{Arbellot646-1989,
    author = {Arbellot, Guy},
    editor = {D.Nordman and M.V.Ozouf-Marignier and A.Laclau},
    title = {Les sources de la Carte des subdélégations à la veille de 1789},
    booktitle = {Atlas de la Révolution française, t. V - Le territoire (2), Les limites administratives},
    publisher = {EHESS},
    series = {},
    location = {Paris},
    year = 1989,
    pagetotal = {4},
    language = {français},
    keywords = {outil-recherche-crh, crh-1989}
    }

@incollection{Arbellot697-1989,
    author = {Arbellot, Guy},
    editor = {D.Nordman and M.V.Ozouf-Marignier and A.Laclau},
    title = {Tableau des chef-lieux administratifs en 1790 et en 1800},
    booktitle = {Atlas de la Révolution française, t. V - Le territoire (2), Les limites administratives},
    publisher = {EHESS},
    series = {},
    location = {Paris},
    year = 1989,
    pagetotal = {43},
    language = {français},
    keywords = {outil-recherche-crh, crh-1989}
    }

@incollection{Arbellot2733-1989,
    author = {Arbellot, Guy and B. Lepetit and J. Bertrand},
    editor = {},
    title = {Routes et communications},
    booktitle = {Atlas de la Révolution française, t. I - Routes et communications},
    publisher = {EHESS},
    series = {},
    location = {Paris},
    year = 1989,
    pagetotal = {},
    language = {français},
    keywords = {outil-recherche-crh, crh-1989}
    }

@incollection{Arbellot2735-1989,
    author = {Arbellot, Guy},
    editor = {D.Nordman and M.V.Ozouf-Marignier and R.Gimeno and A.Laclau},
    title = {Le destin des centres de l'Ancien Régime},
    booktitle = {Atlas de la Révolution française, t.IV: le territoire, Recherches et représentations},
    publisher = {EHESS},
    series = {},
    location = {Paris},
    year = 1989,
    pagetotal = {2},
    language = {français},
    keywords = {outil-recherche-crh, crh-1989}
    }

@incollection{Arbellot2736-1989,
    author = {Arbellot, Guy},
    editor = {D.Nordman and M.V.Ozouf-Marignier and R.Gimeno and A.Laclau},
    title = {D'un réseau administratif à l'autre},
    booktitle = {Atlas de la Révolution française, t.IV: le territoire, Recherches et représentations},
    publisher = {EHESS},
    series = {},
    location = {Paris},
    year = 1989,
    pagetotal = {2},
    language = {français},
    keywords = {outil-recherche-crh, crh-1989}
    }

@incollection{Arbellot2737-1989,
    author = {Arbellot, Guy},
    editor = {D.Nordman and M.V.Ozouf-Marignier and R.Gimeno and A.Laclau},
    title = {L'origine des nouveaux centres administratifs},
    booktitle = {Atlas de la Révolution française, t.IV: le territoire, Recherches et représentations},
    publisher = {EHESS},
    series = {},
    location = {Paris},
    year = 1989,
    pagetotal = {2},
    language = {français},
    keywords = {outil-recherche-crh, crh-1989}
    }

@book{Chaussinand2923-1989,
    author = {Chaussinand-Nogaret, Guy},
    editor = {},
    title = {Grands Notables du Premier Empire},
    publisher = {CNRS},
    series = {},
    location = {Paris},
    year = 1989,
    pagetotal = {},
    language = {français},
    keywords = {outil-recherche-crh, crh-1989}
    }

@book{LeMee3301-1989,
    author = {Le Mee, René and M. Le Mée-Orsetti},
    editor = {},
    title = {Paroisses et communes de France. Dictionnaire d'histoire administrative et démographique. Seine-et-Marne},
    publisher = {},
    series = {},
    location = {},
    year = 1989,
    pagetotal = {},
    language = {français},
    keywords = {outil-recherche-crh, crh-1989}
    }

@incollection{LeMee3303-1989,
    author = {Le Mee, René},
    editor = {},
    title = {De la communauté de l'Ancien Régime à la commune},
    booktitle = {Atlas de la Révolution française, fasc. 4: Le territoire},
    publisher = {EHESS},
    series = {},
    location = {Paris},
    year = 1989,
    pagetotal = {2},
    language = {français},
    keywords = {outil-recherche-crh, crh-1989}
    }

@incollection{Lepetit3321-1989,
    author = {Lepetit, Bernard},
    editor = {D.Nordman and M.V.Ozouf-Marignier and A.Laclau},
    title = {Les réseaux administratifs en 1790 et 1800},
    booktitle = {Atlas de la Révolution française, Le territoire},
    publisher = {EHESS},
    series = {},
    location = {Paris},
    year = 1989,
    pagetotal = {},
    language = {français},
    keywords = {outil-recherche-crh, crh-1989}
    }

@book{Martin3324-1989,
    author = {Martin-Laprade-Peysson, Marie-Elisabeth and Cl. Motte and J.-M. Peysson},
    editor = {},
    title = {Paroisses et communes de France. Dictionnaire d'histoire administrative et démographique},
    publisher = {CNRS},
    series = {},
    location = {Paris},
    year = 1989,
    pagetotal = {},
    language = {français},
    keywords = {outil-recherche-crh, crh-1989}
    }

@book{Motte3333-1989,
    author = {Motte, Claude and M.-E. Martin Laprade and J.-M. Peysson},
    editor = {},
    title = {Hérault. Paroisses et Communes de France},
    publisher = {CNRS},
    series = {},
    location = {Paris},
    year = 1989,
    pagetotal = {},
    language = {français},
    keywords = {outil-recherche-crh, crh-1989}
    }

@incollection{Smedley3586-1989,
    author = {Smedley-Weill, Anette},
    editor = {},
    title = {Correspondance des intendants avec le contrôleur général des finances, 1677-1689. Naissance d'une administration, t. 1 - Province de Bretagne, gouvernement de la Rochelle, généralités de Poitiers, Tours, Limoges, Alençon, Caen et Rouen},
    booktitle = {Naissance d'une administration, sous série G7, Inventaire analytique},
    publisher = {Archives Nationales},
    series = {},
    location = {Paris},
    year = 1989,
    pagetotal = {},
    language = {français},
    keywords = {outil-recherche-crh, crh-1989}
    }

@incollection{Vitu3613-1989,
    author = {Vitu, Anne},
    editor = {?},
    title = {Les recettes financières de l'Ancien Régime},
    booktitle = {Atlas de la Révolution française, Le Territoire},
    publisher = {EHESS},
    series = {},
    location = {Paris},
    year = 1989,
    pagetotal = {9},
    language = {français},
    keywords = {outil-recherche-crh, crh-1989}
    }

@incollection{Smedley4658-1989,
    author = {Smedley-Weill, Anette},
    editor = {},
    title = {Correspondance des intendants avec le contrôleur général des finances, 1677-1689. Naissance d'une administration, sous-série G7, Inventaire analytique},
    booktitle = {Naissance d'une administration, sous série G7, Inventaire analytique},
    publisher = {Archives Nationales},
    series = {},
    location = {Paris},
    year = 1989,
    pagetotal = {},
    language = {français},
    keywords = {outil-recherche-crh, crh-1989}
    }

@article{Schnapper3571-1989,
    author = {Schnapper, Dominique},
    title = {Rapport à l'emploi, protection sociale et statuts sociaux},
    journal = {Revue Française de Sociologie},
    year = 1989,
    language = {français},
    keywords = {art-rapport-crh, crh-1989}
    }

