@article{Berlioz2807-1990,
    author = {Berlioz, Jacques},
    title = {La raison des gestes : pourquoi on prie à genoux},
    journal = {L'Histoire},
    year = 1990,
    language = {français},
    keywords = {art-crh, crh-1990}
    }

@article{Burguiere2863-1990,
    author = {Burguiere, André},
    title = {De la compréhension en histoire},
    journal = {Annales E.S.C.},
    year = 1990,
    language = {français},
    keywords = {art-crh, crh-1990}
    }

@article{Flandrin3048-1990,
    author = {Flandrin, Jean-Louis},
    title = {Le sucré dans les livres de cuisine français, du XIVe au XVIIIe},
    journal = {JATBA},
    year = 1990,
    language = {français},
    keywords = {art-crh, crh-1990}
    }

@article{Scherrer3520-1990,
    author = {Scherrer, Jutta},
    title = {La sainte Russie version Pamiat},
    journal = {Globe},
    year = 1990,
    language = {français},
    keywords = {art-crh, crh-1990}
    }

@article{Amiel3633-1990,
    author = {Amiel, Charles},
    title = {La mort juive au regard des Inquisitions ibériques},
    journal = {Revue de l'Histoire des Religions},
    year = 1990,
    language = {français},
    keywords = {art-crh, crh-1990}
    }

@article{Andreau3639-1990,
    author = {Andreau, Jean},
    title = {L'anthropologie historique en question},
    journal = {Préfaces},
    year = 1990,
    language = {français},
    keywords = {art-crh, crh-1990}
    }

@article{Andreau3642-1990,
    author = {Andreau, Jean},
    title = {Nature de la main-d'œuvre; Histoire des techniques et de la production},
    journal = {Revue numismatique},
    year = 1990,
    language = {français},
    keywords = {art-crh, crh-1990}
    }

@article{Arbellot3649-1990,
    author = {Arbellot, Guy},
    title = {Les problèmes de la route française à l'entrée du XIXe siècle},
    journal = {Histoire, économie et société},
    year = 1990,
    language = {français},
    keywords = {art-crh, crh-1990}
    }

@article{Baschet3654-1990,
    author = {Baschet, Jérome},
    title = {Les Justices de l'au-delà},
    journal = {Cahiers du Centre de Recherches Historiques},
    year = 1990,
    language = {français},
    keywords = {art-crh, crh-1990}
    }

@article{Bavant3663-1990,
    author = {Bavant, Bernard},
    title = {Caricin Grad, campagne 1988},
    journal = {Mélanges de l'Ecole Française de Rome, Moyen-Age},
    year = 1990,
    language = {français},
    keywords = {art-crh, crh-1990}
    }

@article{Benoit3668-1990,
    author = {Benoit, Serge and M.-N. Maisonneuve},
    title = {Un gisement iconographique de premier ordre : le fonds des relations de voyage d'Elèves-Ingénieurs à l'Ecole nationale supérieure des Mines de Paris},
    journal = {Pierres et Terres},
    year = 1990,
    language = {français},
    keywords = {art-crh, crh-1990}
    }

@article{Benoit3669-1990,
    author = {Benoit, Serge and G. Emptoz and G. Dufresne,J.-P. Guiard},
    title = {Une production de pointe dans une entreprise innovante : les turbines Fontaine de la Maison de Chartres au temps de ses fondateurs, 1837-1873},
    journal = {Cahiers d'Histoire et de Philosophie des Sciences},
    year = 1990,
    language = {français},
    keywords = {art-crh, crh-1990}
    }

@article{Bergeron3678-1990,
    author = {Bergeron, Louis},
    title = {L'Etat et l'intervention dans la vie économique (1789-1815)},
    journal = {Etudes Napoléoniennes},
    year = 1990,
    language = {français},
    keywords = {art-crh, crh-1990}
    }

@article{Bergeron3679-1990,
    author = {Bergeron, Louis},
    title = {Le moteur hydraulique en France au XIXe siècle : concepteurs, inventeurs et constructeurs},
    journal = {Cahiers d'Histoire et de Philosophie des Sciences},
    year = 1990,
    language = {français},
    keywords = {art-crh, crh-1990}
    }

@article{Berlioz3694-1990,
    author = {Berlioz, Jacques},
    title = {Crochet de fer et puits à tempêtes. La légende de Ponce Pilate à Vienne (en Dauphiné) et au Mont Pilat au XIIIe siècle},
    journal = {Le Monde alpin et rhodanien},
    year = 1990,
    language = {français},
    keywords = {art-crh, crh-1990}
    }

@article{Berlioz3705-1990,
    author = {Berlioz, Jacques},
    title = {Merlin et le ris antonois. Un exemplum inédit du dominicain Etienne de Bourbon (mort vers 1261)},
    journal = {Romania},
    year = 1990,
    language = {français},
    keywords = {art-crh, crh-1990}
    }

@article{Bonnain3717-1990,
    author = {Bonnain, Rolande},
    title = {Les citadins aux champs},
    journal = {Etudes rurales},
    year = 1990,
    language = {français},
    keywords = {art-crh, crh-1990}
    }

@article{Boureau3737-1990,
    author = {Boureau, Alain},
    title = {L'imene e l'ulivo. La virginità femminile nel discorso della Chiesa nel XIII secolo},
    journal = {Quaderni Storici},
    year = 1990,
    language = {italien},
    keywords = {art-crh, crh-1990}
    }

@article{Boureau3739-1990,
    author = {Boureau, Alain},
    title = {Quod omnes tangit : de la tangence des univers de croyance à la fondation sémantique de la norme juridique médiévale},
    journal = {Le Gré des Langues},
    year = 1990,
    language = {français},
    keywords = {art-crh, crh-1990}
    }

@article{Boureau3743-1990,
    author = {Boureau, Alain},
    title = {L'inceste adelphique dans la chrétienté médiévale},
    journal = {Problèmes d'histoire des religions},
    year = 1990,
    language = {français},
    keywords = {art-crh, crh-1990}
    }

@article{Boureau3744-1990,
    author = {Boureau, Alain},
    title = {Quand Dieu s'ennuie. Le souci du temps céleste au Moyen-Age},
    journal = {Nouvelle Revue de Psychanalyse},
    year = 1990,
    language = {français},
    keywords = {art-crh, crh-1990}
    }

@article{Boureau3745-1990,
    author = {Boureau, Alain},
    title = {L'Eglise médiévale comme preuve animée de la croyance chrétienne},
    journal = {Terrain},
    year = 1990,
    language = {français},
    keywords = {art-crh, crh-1990}
    }

@article{Brabant3776-1990,
    author = {Brabant, Eva},
    title = {Mah Nistana, ou qu'en reste-t-il ?},
    journal = {Le Coq Héron},
    year = 1990,
    language = {français},
    keywords = {art-crh, crh-1990}
    }

@article{Brabant3777-1990,
    author = {Brabant, Eva},
    title = {Le voyage de Frigyes Karinthy autour de la psychanalyse},
    journal = {Hélikon},
    year = 1990,
    language = {français},
    keywords = {art-crh, crh-1990}
    }

@article{Burguiere3811-1990,
    author = {Burguiere, André},
    title = {La famille comme enjeu politique (de la Révolution au code civil)},
    journal = {Droit et Société},
    year = 1990,
    language = {français},
    keywords = {art-crh, crh-1990}
    }

@article{Chapelot3830-1990,
    author = {Chapelot, Jean and O. Chapelot},
    title = {La Sainte Chapelle de Vincennes et sa place dans la chronologie dans la construction du château. A Propos d'un fragment de compte de construction inédit},
    journal = {Bulletin de la Société des amis de Vincennes},
    year = 1990,
    language = {français},
    keywords = {art-crh, crh-1990}
    }

@article{Chapelot3836-1990,
    author = {Chapelot, Odette and J. Chapelot},
    title = {La Sainte Chapelle de Vincennes et sa place dans la chronologie de la construction du château. A propos d'un fragment de compte de construction inédit},
    journal = {Bulletin de la Société des amis de Vincennes},
    year = 1990,
    language = {français},
    keywords = {art-crh, crh-1990}
    }

@article{Chartier3843-1990,
    author = {Chartier, Roger},
    title = {Loisir et sociabilité : lire à haute voix dans l'Europe moderne},
    journal = {Littératures classiques},
    year = 1990,
    language = {français},
    keywords = {art-crh, crh-1990}
    }

@article{Chartier3845-1990,
    author = {Chartier, Roger},
    title = {L'histoire culturelle redéfinie : pratiques, représentations, appropriations},
    journal = {Iichiko Intercultural},
    year = 1990,
    language = {japonais},
    keywords = {art-crh, crh-1990}
    }

@article{Chase3893-1990,
    author = {Chase, Jane},
    title = {Boundaries in Time : Cities and the Problem of Scale in Early American History},
    journal = {Reviews in American History},
    year = 1990,
    language = {anglais},
    keywords = {art-crh, crh-1990}
    }

@article{Dakhlia3902-1990,
    author = {Dakhlia, Jocelyne},
    title = {L'histoire est dans l'attente},
    journal = {Cahiers d'Etudes africaines},
    year = 1990,
    language = {français},
    keywords = {art-crh, crh-1990}
    }

@article{Depeyrot3932-1990,
    author = {Depeyrot, Georges},
    title = {Métrologie et monnaies au Bas-Empire},
    journal = {Cahiers de métrologie},
    year = 1990,
    language = {français},
    keywords = {art-crh, crh-1990}
    }

@article{Depeyrot3933-1990,
    author = {Depeyrot, Georges},
    title = {Le trésor de monnaies d'imitation de Poitiers (IVe siècle)},
    journal = {Bulletin de la société française de numismatique},
    year = 1990,
    language = {français},
    keywords = {art-crh, crh-1990}
    }

@article{Desaive3961-1990,
    author = {Desaive, Jean-Paul},
    title = {D'Auxerre à Paris et retour : un témoignage inédit de 1664},
    journal = {Bulletin de la Société des Sciences historiques et naturelles de l'Yonne},
    year = 1990,
    language = {français},
    keywords = {art-crh, crh-1990}
    }

@article{Descimon3964-1990,
    author = {Descimon, Robert},
    title = {Les barricades de la Fronde parisienne. Une lecture sociologique},
    journal = {Annales E.S.C.},
    year = 1990,
    language = {français},
    keywords = {art-crh, crh-1990}
    }

@article{Ducreux3991-1990,
    author = {Ducreux, Marie-Elisabeth},
    title = {Entre protestantisme et catholicisme : l'identité tchèque},
    journal = {Le Débat},
    year = 1990,
    language = {français},
    keywords = {art-crh, crh-1990}
    }

@article{Emptoz4001-1990,
    author = {Emptoz, Gérard},
    title = {Une production de pointe dans une entreprise innovante : les turbines Fontaine du temps des fondateurs de la firme de Chartres (1836-1871)},
    journal = {Cahiers d'histoire et de philosophie des sciences: Le moteur hydraulique au XIXe siècle : concepteurs, inventeurs et constructeurs},
    year = 1990,
    language = {français},
    keywords = {art-crh, crh-1990}
    }

@article{Emptoz4002-1990,
    author = {Emptoz, Gérard},
    title = {La collezione Alexandre Clair},
    journal = {Scuolaofficina},
    year = 1990,
    language = {italien},
    keywords = {art-crh, crh-1990}
    }

@article{Fauve4019-1990,
    author = {Fauve-Chamoux, Antoinette},
    title = {La famiglia multiforme},
    journal = {Prometeo},
    year = 1990,
    language = {italien},
    keywords = {art-crh, crh-1990}
    }

@article{Fontanon4046-1990,
    author = {Fontanon, Claudine},
    title = {Arthur Jules Morin (1795-1880). Un ingénieur militaire au service de l'industrialisation},
    journal = {Cahiers d'histoire et de philosophie des sciences},
    year = 1990,
    language = {français},
    keywords = {art-crh, crh-1990}
    }

@article{Fouche4050-1990,
    author = {Fouche, Nicole},
    title = {Un hôpital américain à Paris, 1906-1989 ?},
    journal = {Revue d'histoire moderne et contemporaine},
    year = 1990,
    language = {français},
    keywords = {art-crh, crh-1990}
    }

@article{Fridenson4054-1990,
    author = {Fridenson, Patrick},
    title = {Der Staatsbetrieb als Konkurrent : Renault in den 50 er und 60 er Jahren},
    journal = {Wissenschaftliche Zeitschrift der Humboldt},
    year = 1990,
    language = {allemand},
    keywords = {art-crh, crh-1990}
    }

@article{Fridenson4055-1990,
    author = {Fridenson, Patrick and M. Berry},
    title = {Faut-il être obsessionnel pour être un bon patron ? Un cas : Louis Renault},
    journal = {Gérer et Comprendre},
    year = 1990,
    language = {français},
    keywords = {art-crh, crh-1990}
    }

@article{Fridenson4058-1990,
    author = {Fridenson, Patrick},
    title = {Portrait du Mouvement Social à trente ans},
    journal = {Le Mouvement Social},
    year = 1990,
    language = {français},
    keywords = {art-crh, crh-1990}
    }

@article{Froeschle4078-1990,
    author = {Froeschle-Chopard, Marie-Hélène and M. Froeschle},
    title = {Une double image de la Révolution : le mètre et le calendrier},
    journal = {Annales Historiques de la Révolution française},
    year = 1990,
    language = {français},
    keywords = {art-crh, crh-1990}
    }

@article{Godin4091-1990,
    author = {Godin, André},
    title = {Erasme biographe patristique},
    journal = {Hieronymi Stridonensis Vita, Studia Patristica},
    year = 1990,
    language = {français},
    keywords = {art-crh, crh-1990}
    }

@article{Goldberg4098-1990,
    author = {Goldberg, Sylvie-Anne},
    title = {L'étude du judaïsme : science historique ou religieuse ?},
    journal = {Préfaces},
    year = 1990,
    language = {français},
    keywords = {art-crh, crh-1990}
    }

@article{Goldberg4099-1990,
    author = {Goldberg, Sylvie-Anne},
    title = {Du sacré et du profane comme objet d'histoire},
    journal = {Les études juives en France : réflexions et perspectives},
    year = 1990,
    language = {français},
    keywords = {art-crh, crh-1990}
    }

@article{Green4124-1990,
    author = {Green, Nancy},
    title = {L'histoire comparative et le champ des études migratoires},
    journal = {Annales E.S.C.},
    year = 1990,
    language = {français},
    keywords = {art-crh, crh-1990}
    }

@article{Grenier4134-1990,
    author = {Grenier, Jean-Yves},
    title = {La notion de croissance dans la pensée économique française au XVIIIe siècle},
    journal = {Review},
    year = 1990,
    language = {français},
    keywords = {art-crh, crh-1990}
    }

@article{Gribaudi4142-1990,
    author = {Gribaudi, Maurizio and A. Blum},
    title = {Des catégories aux liens individuels : l'analyse statistique de l'espace social},
    journal = {Annales E.S.C.},
    year = 1990,
    language = {français},
    keywords = {art-crh, crh-1990}
    }

@article{Guelle4149-1990,
    author = {Guelle, Françoise},
    title = {Un David japonnais à l'assaut du monde : stratégie originale d'internationalisation d'une PME japonaise},
    journal = {La Lettre d'Odile},
    year = 1990,
    language = {français},
    keywords = {art-crh, crh-1990}
    }

@article{Guelle4150-1990,
    author = {Guelle, Françoise},
    title = {Quelles politiques pour une présence industrielle japonaise en France ?},
    journal = {France Japon Eco},
    year = 1990,
    language = {français},
    keywords = {art-crh, crh-1990}
    }

@article{Guerreau4160-1990,
    author = {Guerreau, Alain},
    title = {Fief, féodalité, féodalisme. Enjeux sociaux et réflexion historienne},
    journal = {Annales E.S.C.},
    year = 1990,
    language = {français},
    keywords = {art-crh, crh-1990}
    }

@article{Guerreau4162-1990,
    author = {Guerreau, Alain},
    title = {Lournand au Xe siècle : histoire et fiction},
    journal = {Le Moyen-Age},
    year = 1990,
    language = {français},
    keywords = {art-crh, crh-1990}
    }

@article{Jorland4196-1990,
    author = {Jorland, Gérard},
    title = {Les manuels de mathématiques pour économistes, de Wicksteed à Allen},
    journal = {Cahiers de L'ACGHPE},
    year = 1990,
    language = {français},
    keywords = {art-crh, crh-1990}
    }

@article{Jouhaud4203-1990,
    author = {Jouhaud, Christian},
    title = {In ricordo di Denis Richet : a proposito di un libro non tradotto},
    journal = {Quaderni Storici},
    year = 1990,
    language = {italien},
    keywords = {art-crh, crh-1990}
    }

@article{Julia4215-1990,
    author = {Julia, Dominique},
    title = {Gaspard Monge examinateur},
    journal = {Histoire de l'éducation},
    year = 1990,
    language = {français},
    keywords = {art-crh, crh-1990}
    }

@article{Julia4218-1990,
    author = {Julia, Dominique},
    title = {Enfance et citoyenneté. Bilan historiographique et perspectives de recherches sur l'éducation et l'enseignement pendant la période révolutionnaire},
    journal = {Histoire de l'éducation},
    year = 1990,
    language = {français},
    keywords = {art-crh, crh-1990}
    }

@article{LeBras4261-1990,
    author = {Le Bras, Hervé},
    title = {L'horreur de la mort jeune},
    journal = {Le Débat},
    year = 1990,
    language = {français},
    keywords = {art-crh, crh-1990}
    }

@article{LeGoff4294-1990,
    author = {Le Goff, Jacques},
    title = {Saint-Louis et la Méditerranée},
    journal = {Mediterranean Historical Review},
    year = 1990,
    language = {français},
    keywords = {art-crh, crh-1990}
    }

@article{Lepetit4321-1990,
    author = {Lepetit, Bernard},
    title = {Event and Structure : The Revolution and the French Urban System, 1700-1840},
    journal = {Journal of historical geography},
    year = 1990,
    language = {anglais},
    keywords = {art-crh, crh-1990}
    }

@article{Lepetit4322-1990,
    author = {Lepetit, Bernard},
    title = {L'échelle de la France},
    journal = {Annales E.S.C},
    year = 1990,
    language = {français},
    keywords = {art-crh, crh-1990}
    }

@article{Lepetit4323-1990,
    author = {Lepetit, Bernard},
    title = {Pour une pratique restreinte de l'interdisciplinarité (traduit en tchèque en 1990, en anglais, en 1992, en espagnol,en 1992, en hongrois, en1992, en russe, en 1993)},
    journal = {Revue de Synthèse},
    year = 1990,
    language = {français},
    keywords = {art-crh, crh-1990}
    }

@article{Mouradian4370-1990,
    author = {Mouradian, Claire},
    title = {La revue ethnographique arménienne, <Vvi>Azgakrakan Hantès</Vvi>, 1895-1916},
    journal = {Cahiers du monde Russe et Soviétique},
    year = 1990,
    language = {français},
    keywords = {art-crh, crh-1990}
    }

@article{Mouradian4371-1990,
    author = {Mouradian, Claire},
    title = {The Mountainous Karabagh Question : An Inter-Ethnic Conflict of Decolonization Crisis ?},
    journal = {The Armenian Review},
    year = 1990,
    language = {anglais},
    keywords = {art-crh, crh-1990}
    }

@article{Ozouf4384-1990,
    author = {Ozouf, Mona},
    title = {Voyages en France dans la decennie révolutionnaire},
    journal = {Rapports Het Frense Boek},
    year = 1990,
    language = {français},
    keywords = {art-crh, crh-1990}
    }

@article{Ozouf4385-1990,
    author = {Ozouf, Mona},
    title = {La Révolution française et les interprétations de la Terreur},
    journal = {Annales de la Charente Saintongeaise},
    year = 1990,
    language = {français},
    keywords = {art-crh, crh-1990}
    }

@article{Pasquet4401-1990,
    author = {Pasquet, Yvonne},
    title = {L'Enseignement technique et professionnel hors l'Ecole sous l'Ancien Régime},
    journal = {Les Cahiers de l'I.F.O.R.E.P.},
    year = 1990,
    language = {français},
    keywords = {art-crh, crh-1990}
    }

@article{Pasquet4402-1990,
    author = {Pasquet, Yvonne},
    title = {Enseignement technique et professionnel},
    journal = {Les Cahiers de l'I.F.O.R.E.P.},
    year = 1990,
    language = {français},
    keywords = {art-crh, crh-1990}
    }

@article{Piponnier4417-1990,
    author = {Piponnier, Françoise},
    title = {Cinq ans de recherches archéologies à Fiorentino : l'organisation de l'espace urbain},
    journal = {Mélange de l'Ecole Française de Rome},
    year = 1990,
    language = {français},
    keywords = {art-crh, crh-1990}
    }

@article{Pomian4453-1990,
    author = {Pomian, Krzysztof},
    title = {Le retour des nations},
    journal = {Le débat},
    year = 1990,
    language = {français},
    keywords = {art-crh, crh-1990}
    }

@article{Pomian4454-1990,
    author = {Pomian, Krzysztof},
    title = {La fin de l'histoire n'a pas eu lieu},
    journal = {Le Débat},
    year = 1990,
    language = {français},
    keywords = {art-crh, crh-1990}
    }

@article{Pomian4455-1990,
    author = {Pomian, Krzysztof},
    title = {Post-ou comment l'appeler},
    journal = {Le Débat},
    year = 1990,
    language = {français},
    keywords = {art-crh, crh-1990}
    }

@article{Pomian4456-1990,
    author = {Pomian, Krzysztof},
    title = {Ket czyli szkola krytyki},
    journal = {Dialog},
    year = 1990,
    language = {polonais},
    keywords = {art-crh, crh-1990}
    }

@article{Prochasson4491-1990,
    author = {Prochasson, Christophe},
    title = {Jules Romains face à l'histoire du socialisme (1910-1914)},
    journal = {Cahiers Jules Romains},
    year = 1990,
    language = {français},
    keywords = {art-crh, crh-1990}
    }

@article{Randles4509-1990,
    author = {Randles, William},
    title = {The Evaluation of Columbus India Project by Portuguese and Spanish Cosmographers in the Light of the Geographicall Science of the Period},
    journal = {Imago Mundi},
    year = 1990,
    language = {anglais},
    keywords = {art-crh, crh-1990}
    }

@article{Rucquoi4539-1990,
    author = {Rucquoi, Adeline},
    title = {De Jeanne d'Arc à Isabelle la Catholique : l'image de la France en Castille au XVe siècle},
    journal = {Le Journal des Savants},
    year = 1990,
    language = {français},
    keywords = {art-crh, crh-1990}
    }

@article{Rucquoi4540-1990,
    author = {Rucquoi, Adeline},
    title = {El cardenal legado Guillaume Peyre de Godin},
    journal = {Revista Espanola de Derecho Canonico},
    year = 1990,
    language = {espagnol},
    keywords = {art-crh, crh-1990}
    }

@article{Sarget4553-1990,
    author = {Sarget, Marie-Noelle and J. Durac},
    title = {Prospérité et crise des chemins de fer argentins (1880-1965)},
    journal = {Transports et commerce en Amérique Latine},
    year = 1990,
    language = {français},
    keywords = {art-crh, crh-1990}
    }

@article{Scherrer4559-1990,
    author = {Scherrer, Jutta},
    title = {L'érosion de l'image de Lénine},
    journal = {Actes de la recherche en sciences sociales},
    year = 1990,
    language = {français},
    keywords = {art-crh, crh-1990}
    }

@article{Scherrer4560-1990,
    author = {Scherrer, Jutta},
    title = {Religioznyj perelom. Relizioznye iskanija russkoj intelligencii nacala XX veka},
    journal = {Leningradskij Universitet},
    year = 1990,
    language = {russe},
    keywords = {art-crh, crh-1990}
    }

@article{Schmitt4575-1990,
    author = {Schmitt, Jean-Claude},
    title = {Hundes Unschuld (AaTh 178 A)},
    journal = {Enzyklopädie des Märchens},
    year = 1990,
    language = {allemand},
    keywords = {art-crh, crh-1990}
    }

@article{Schnapper4611-1990,
    author = {Schnapper, Dominique},
    title = {Parler de la Sécurité Sociale : un regard critique sur le travail journalistique},
    journal = {Hermès},
    year = 1990,
    language = {français},
    keywords = {art-crh, crh-1990}
    }

@article{Seitz4627-1990,
    author = {Seitz, Frédéric},
    title = {Le métal ne fait plus hurler},
    journal = {Magazine d'Architectures},
    year = 1990,
    language = {français},
    keywords = {art-crh, crh-1990}
    }

@article{Sigaut4635-1990,
    author = {Sigaut, François},
    title = {Folie, réel et technologie},
    journal = {Techniques et culture},
    year = 1990,
    language = {français},
    keywords = {art-crh, crh-1990}
    }

@article{Sigaut4636-1990,
    author = {Sigaut, François},
    title = {Les forêts entre rêves et réalités},
    journal = {Cahiers du Centre de Recherches Historiques,},
    year = 1990,
    language = {français},
    keywords = {art-crh, crh-1990}
    }

@article{Tenenti4665-1990,
    author = {Tenenti, Alberto},
    title = {La consapevolezza di una fase medioevale nella storiografia veneziana},
    journal = {Ricerche Slavistiche},
    year = 1990,
    language = {italien},
    keywords = {art-crh, crh-1990}
    }

@article{Valensi4690-1990,
    author = {Valensi, Lucette},
    title = {Le roi chronophage. La construction d'une conscience historique dans le Maroc postcolonial},
    journal = {Cahiers d'Etudes Africaines},
    year = 1990,
    language = {français},
    keywords = {art-crh, crh-1990}
    }

@book{Bavant3664-1990,
    author = {Bavant, Bernard},
    title = {Caricin Grad II (Le quartier sud-ouest de la Ville Haute)},
    publisher = {},
    series = {},
    location = {Belgrade/Rome},
    year = 1990,
    pagetotal = {},
    language = {français},
    keywords = {book-crh, crh-1990}
    }

@book{Boureau3736-1990,
    author = {Boureau, Alain},
    title = {Histoire d'un historien. Kantorowicz},
    publisher = {},
    series = {},
    location = {Paris},
    year = 1990,
    pagetotal = {},
    language = {français},
    keywords = {book-crh, crh-1990}
    }

@book{Cerutti3822-1990,
    author = {Cerutti, Simona},
    title = {La ville et les métiers. Naissance d'un langage corporatif (Turin, 17e-18e siècles)},
    publisher = {},
    series = {},
    location = {Paris},
    year = 1990,
    pagetotal = {},
    language = {français},
    keywords = {book-crh, crh-1990}
    }

@book{Chapelot3829-1990,
    author = {Chapelot, Jean and E. Bonifay and J. Briard and M. Colardelle and J. Combier and Ch. Goudineau and J. Guilaine and J.-P. Mohen},
    title = {Archéologie de la France},
    publisher = {},
    series = {},
    location = {Paris},
    year = 1990,
    pagetotal = {},
    language = {français},
    keywords = {book-crh, crh-1990}
    }

@book{Chartier3838-1990,
    author = {Chartier, Roger},
    title = {Les origines culturelles de la Révolution française},
    publisher = {},
    series = {},
    location = {Paris},
    year = 1990,
    pagetotal = {},
    language = {français},
    keywords = {book-crh, crh-1990}
    }

@book{Chartier3839-1990,
    author = {Chartier, Roger},
    title = {Lesewelten. Buch und Lektüre in der frühen Neuzeit},
    publisher = {},
    series = {},
    location = {Francfort/New-York},
    year = 1990,
    pagetotal = {},
    language = {allemand},
    keywords = {book-crh, crh-1990}
    }

@book{Chaussinand3894-1990,
    author = {Chaussinand-Nogaret, Guy},
    title = {La vie quotidienne des femmes du roi},
    publisher = {},
    series = {},
    location = {Paris},
    year = 1990,
    pagetotal = {},
    language = {français},
    keywords = {book-crh, crh-1990}
    }

@book{Dakhlia3901-1990,
    author = {Dakhlia, Jocelyne},
    title = {L'Oubli de la cité},
    publisher = {},
    series = {},
    location = {Paris},
    year = 1990,
    pagetotal = {},
    language = {français},
    keywords = {book-crh, crh-1990}
    }

@book{Demonet3929-1990,
    author = {Demonet, Michel},
    title = {Tableau de l'agriculture française en 1852},
    publisher = {},
    series = {},
    location = {Paris},
    year = 1990,
    pagetotal = {},
    language = {français},
    keywords = {book-crh, crh-1990}
    }

@book{Dewerpe3977-1990,
    author = {Dewerpe, Alain and Y. Gaulupeau},
    title = {La fabrique des prolétaires. Les ouvriers de la manufacture d'Oberkampf à Jouy-en-Josas (1760-1815)},
    publisher = {},
    series = {},
    location = {Paris},
    year = 1990,
    pagetotal = {},
    language = {français},
    keywords = {book-crh, crh-1990}
    }

@book{Ferro4033-1990,
    author = {Ferro, Marc},
    title = {Les origines de la perestroïka},
    publisher = {},
    series = {},
    location = {Paris},
    year = 1990,
    pagetotal = {},
    language = {français},
    keywords = {book-crh, crh-1990}
    }

@book{Ferro4034-1990,
    author = {Ferro, Marc},
    title = {Nicolas II},
    publisher = {},
    series = {},
    location = {Paris},
    year = 1990,
    pagetotal = {},
    language = {français},
    keywords = {book-crh, crh-1990}
    }

@book{Julliard4230-1990,
    author = {Julliard, Jacques},
    title = {Le génie de la liberté},
    publisher = {},
    series = {},
    location = {Paris},
    year = 1990,
    pagetotal = {},
    language = {français},
    keywords = {book-crh, crh-1990}
    }

@book{Klapisch4243-1990,
    author = {Klapisch-Zuber, Christiane},
    title = {La maison et le nom. Stratégies et rituels dans l'Italie de la Renaissance},
    publisher = {},
    series = {},
    location = {Paris},
    year = 1990,
    pagetotal = {},
    language = {français},
    keywords = {book-crh, crh-1990}
    }

@book{Martin4360-1990,
    author = {Martin-Fugier, Anne},
    title = {La vie élégante ou la formation du Tout-Paris, 1815-1848},
    publisher = {},
    series = {},
    location = {Paris},
    year = 1990,
    pagetotal = {},
    language = {français},
    keywords = {book-crh, crh-1990}
    }

@book{Mouradian4367-1990,
    author = {Mouradian, Claire},
    title = {De Staline à Gorbatchev, l'histoire d'une république soviétique : l'Arménie},
    publisher = {},
    series = {},
    location = {Paris},
    year = 1990,
    pagetotal = {},
    language = {français},
    keywords = {book-crh, crh-1990}
    }

@book{Ozouf4386-1990,
    author = {Ozouf, Mona and F. Furet},
    title = {Terminer la Révolution, Mounier et Barnave dans la Révolution française},
    publisher = {},
    series = {},
    location = {Grenoble},
    year = 1990,
    pagetotal = {181},
    language = {français},
    keywords = {book-crh, crh-1990}
    }

@book{Pomian4444-1990,
    author = {Pomian, Krzysztof},
    title = {L'Europe et ses nations},
    publisher = {},
    series = {},
    location = {Paris},
    year = 1990,
    pagetotal = {},
    language = {français},
    keywords = {book-crh, crh-1990}
    }

@book{Pomian4446-1990,
    author = {Pomian, Krzysztof},
    title = {El orden del tiempo},
    publisher = {},
    series = {},
    location = {Madrid},
    year = 1990,
    pagetotal = {},
    language = {espagnol},
    keywords = {book-crh, crh-1990}
    }

@book{Pomian4447-1990,
    author = {Pomian, Krzysztof},
    title = {De oorsprong van het museum. Over het verzamelen},
    publisher = {Heerlen},
    series = {},
    location = {De Voorstad},
    year = 1990,
    pagetotal = {},
    language = {hollandais},
    keywords = {book-crh, crh-1990}
    }

@book{Prochasson4492-1990,
    author = {Prochasson, Christophe and J.-M. Goulemot and D. Lindenberg and P. Ory},
    title = {Dernières questions aux intellectuels et quatre essais pour y répondre},
    publisher = {},
    series = {},
    location = {Paris},
    year = 1990,
    pagetotal = {},
    language = {français},
    keywords = {book-crh, crh-1990}
    }

@book{Revel4515-1990,
    author = {Revel, Jacques},
    title = {A invençao da Sociedade, França Moderna},
    publisher = {},
    series = {},
    location = {Lisbonne},
    year = 1990,
    pagetotal = {},
    language = {portugais},
    keywords = {book-crh, crh-1990}
    }

@book{Schmitt4577-1990,
    author = {Schmitt, Jean-Claude},
    title = {La raison des gestes dans l'Occident médiéval},
    publisher = {},
    series = {},
    location = {Paris},
    year = 1990,
    pagetotal = {},
    language = {français},
    keywords = {book-crh, crh-1990}
    }

@book{Tenenti4664-1990,
    author = {Tenenti, Alberto},
    title = {L'éta moderna},
    publisher = {},
    series = {},
    location = {Bologne},
    year = 1990,
    pagetotal = {},
    language = {italien},
    keywords = {book-crh, crh-1990}
    }

@inproceedings{Burguiere1804-1990,
    author = {Burguiere, André},
    editor = {},
    title = {Histoire du présent et présence de l'histoire dans l'oeuvre d'Edgar Morin},
    booktitle = {Actes du Colloque de Cerisy Arguments pour une méthode},
    publisher = {Seuil},
    location = {Paris},
    year = 1990,
    pagetotal = {8},
    language = {français},
    keywords = {inproceedings-crh, crh-1990}
    }

@inproceedings{Benoit3673-1990,
    author = {Benoit, Serge},
    editor = {J. Perrin},
    title = {Les relations science, technologie et société et le processus du changement technique : les enseignements tirés du cas des moteurs hydrauliques},
    booktitle = {Construire une science des techniques, Actes des journées interdisciplinaires de Lyon 21-22 mai 1990},
    publisher = {},
    location = {Limonest},
    year = 1990,
    pagetotal = {41},
    language = {français},
    keywords = {inproceedings-crh, crh-1990}
    }

@inproceedings{Beutler3714-1990,
    author = {Beutler, Corinne},
    editor = {G. Bouchard and J. Goy},
    title = {La modernisation de l'équipement agricole dans la région de Montréal. Recherches sur l'origine des nouveaux modèles de charrue d'après des inventaires après décès, 1835-1972},
    booktitle = {Famille, économie et société rurale en contexte d'urbanisation (17e-20e siècles)},
    publisher = {},
    location = {Chicoutimi-Paris},
    year = 1990,
    pagetotal = {12},
    language = {français},
    keywords = {inproceedings-crh, crh-1990}
    }

@inproceedings{Braunstein3786-1990,
    author = {Braunstein, Philippe},
    editor = {J. Hamesse and C. Muraille-Samaran},
    title = {Le travail minier au Moyen-Age d'après les sources règlementaires},
    booktitle = {Actes du colloque international de Louvain-la-Neuve, Le travail au Moyen-Age, Une approche inter-disciplinaire},
    publisher = {},
    location = {},
    year = 1990,
    pagetotal = {10},
    language = {français},
    keywords = {inproceedings-crh, crh-1990}
    }

@inproceedings{Braunstein3797-1990,
    author = {Braunstein, Philippe and P. Beck, and Ch. Dunikovski and M. Philippe},
    editor = {J.P.Métailie},
    title = {La sidérurgie ancienne en forêt d'Othe},
    booktitle = {Actes du colloque tenu à la Maison de la Forêt (Loubières, Ariège, 1990)Protoindustries et histoire des forêts},
    publisher = {},
    location = {},
    year = 1990,
    pagetotal = {16},
    language = {français},
    keywords = {inproceedings-crh, crh-1990}
    }

@inproceedings{Chartier3842-1990,
    author = {Chartier, Roger},
    editor = {},
    title = {Opinion publique et propagande en France},
    booktitle = {Congrès mondial pour le bicentenaire de la Révolution, Paris, 6-12 juillet 1989, L'image de la Révolution française},
    publisher = {},
    location = {Oxford},
    year = 1990,
    pagetotal = {12},
    language = {français},
    keywords = {inproceedings-crh, crh-1990}
    }

@inproceedings{Froeschle4076-1990,
    author = {Froeschle-Chopard, Marie-Hélène and M. Froeschle},
    editor = {},
    title = {Le calendrier républicain : acte idéologique et/ou nécessité scientifique ?},
    booktitle = {Colloque de Marseille, L'espace et le temps reconstruits : la Révolution française, une révolution des mentalités et des cultures ?},
    publisher = {},
    location = {Aix-en-Provence},
    year = 1990,
    pagetotal = {12},
    language = {français},
    keywords = {inproceedings-crh, crh-1990}
    }

@inproceedings{Froeschle4080-1990,
    author = {Froeschle-Chopard, Marie-Hélène},
    editor = {Michel Perronet},
    title = {Les jacobins et les livres. La constitution de la bibliothèque municipale de Grasse},
    booktitle = {Actes de colloque Les Jacobins du Midi},
    publisher = {},
    location = {Montpellier},
    year = 1990,
    pagetotal = {35},
    language = {français},
    keywords = {inproceedings-crh, crh-1990}
    }

@inproceedings{Jeannin4191-1990,
    author = {Jeannin, Pierre},
    editor = {},
    title = {Les manuels de comptabilité},
    booktitle = {L'impresa industria commercio banca Secc. XIII-XVIII, Atti della Vendiduesima settimana di studi},
    publisher = {},
    location = {Prato},
    year = 1990,
    pagetotal = {17},
    language = {français},
    keywords = {inproceedings-crh, crh-1990}
    }

@inproceedings{Jeannin4192-1990,
    author = {Jeannin, Pierre},
    editor = {},
    title = {Dépendance et capacités de développement dans le cadre régional en Europe Centrale à la fin de l'Ancien Régime},
    booktitle = {Actes du Colloque international L'Europe Centrale. Réalité, mythe, enjeu XVIII-XXe siècles},
    publisher = {},
    location = {},
    year = 1990,
    pagetotal = {20},
    language = {français},
    keywords = {inproceedings-crh, crh-1990}
    }

@inproceedings{Julia4212-1990,
    author = {Julia, Dominique and W. Frijhoff},
    editor = {},
    title = {L'Oratoire et le jansénisme : l'Assemblée générale de 1746},
    booktitle = {Actes di colloque de Versailles, 13-14 octobre 1989, Jansénisme et Révolution},
    publisher = {Chroniques de Port-Royal},
    location = {Paris},
    year = 1990,
    pagetotal = {21},
    language = {français},
    keywords = {inproceedings-crh, crh-1990}
    }

@inproceedings{Julia4213-1990,
    author = {Julia, Dominique},
    editor = {},
    title = {Jansénisme et Révolution, conlusion du colloque},
    booktitle = {Actes di colloque de Versailles, 13-14 octobre 1989, Jansénisme et Révolution},
    publisher = {},
    location = {},
    year = 1990,
    pagetotal = {18},
    language = {français},
    keywords = {inproceedings-crh, crh-1990}
    }

@inproceedings{LeGoff4286-1990,
    author = {Le Goff, Jacques},
    editor = {},
    title = {Discours de clôture},
    booktitle = {Colloque de l'université catholique de Louvain, Le Travail au Moyen-Age. Une approche interdisciplinaire},
    publisher = {},
    location = {Louvain},
    year = 1990,
    pagetotal = {12},
    language = {français},
    keywords = {inproceedings-crh, crh-1990}
    }

@inproceedings{LeGoff4289-1990,
    author = {Le Goff, Jacques},
    editor = {},
    title = {Ludwig IX und der Ursprung der feudalen Monarchie in Frankreich},
    booktitle = {Actes du colloque de Berlin, Jahrbuch für Geschichte des Feudalismus},
    publisher = {},
    location = {Berlin},
    year = 1990,
    pagetotal = {8},
    language = {allemand},
    keywords = {inproceedings-crh, crh-1990}
    }

@inproceedings{LeGoff4290-1990,
    author = {Le Goff, Jacques},
    editor = {},
    title = {Witold Kula, historien des mesures},
    booktitle = {Actes du colloque en mémoire de Witold Kula},
    publisher = {},
    location = {},
    year = 1990,
    pagetotal = {9},
    language = {français},
    keywords = {inproceedings-crh, crh-1990}
    }

@inproceedings{Lemay4300-1990,
    author = {Lemay, Edna},
    editor = {},
    title = {Malouet et Gaultier de Biauzat à l'Assemblée constituante (1789-1791), l'affrontement de deux personnalités},
    booktitle = {Colloque Malouet (1740-1814)},
    publisher = {},
    location = {Riom},
    year = 1990,
    pagetotal = {7},
    language = {français},
    keywords = {inproceedings-crh, crh-1990}
    }

@inproceedings{Lemay4301-1990,
    author = {Lemay, Edna},
    editor = {},
    title = {La France immobile : la correspondance et les mémoires de Ferrières (1789-1799)},
    booktitle = {Colloque Robespierre et Co.},
    publisher = {},
    location = {Bologne},
    year = 1990,
    pagetotal = {15},
    language = {français},
    keywords = {inproceedings-crh, crh-1990}
    }

@inproceedings{Mane4345-1990,
    author = {Mane, Perrine},
    editor = {},
    title = {Iconographie et travail paysan},
    booktitle = {Actes du colloque international Le travail au Moyen-Age, approche interdisciplinaire},
    publisher = {},
    location = {Louvain},
    year = 1990,
    pagetotal = {12},
    language = {français},
    keywords = {inproceedings-crh, crh-1990}
    }

@inproceedings{Netter4376-1990,
    author = {Netter, Marie-Laurence},
    editor = {?},
    title = {La Révolution est un bloc : à propos de 'Thermidor' et de Clémenceau},
    booktitle = {Colloque de Marseille: L'espace et le temps reconstruits. La Révolution française, une révolution des mentalités et des cultures ?},
    publisher = {},
    location = {Aix-en-Provence},
    year = 1990,
    pagetotal = {10},
    language = {français},
    keywords = {inproceedings-crh, crh-1990}
    }

@inproceedings{Pesez4404-1990,
    author = {Pesez, Jean-Marie},
    editor = {},
    title = {La construction rustique en pierre au Moyen-Age},
    booktitle = {Il modo di costruire, Atti del convegno: il modo di construire},
    publisher = {},
    location = {Rome},
    year = 1990,
    pagetotal = {7},
    language = {français},
    keywords = {inproceedings-crh, crh-1990}
    }

@inproceedings{Piponnier4416-1990,
    author = {Piponnier, Françoise},
    editor = {},
    title = {Le costume et la mode dans la civilisation médiévale},
    booktitle = {Congrès international, Krems, Autriche 1988, Mensch und Objekt im Mittelalter und in der frühen Neuzeit. Leben. Alltag. Kultur},
    publisher = {},
    location = {Vienne},
    year = 1990,
    pagetotal = {32},
    language = {français},
    keywords = {inproceedings-crh, crh-1990}
    }

@inproceedings{PoloDeBeaulieu4431-1990,
    author = {Polo De Beaulieu, Marie-Anne},
    editor = {},
    title = {Une base de données sur les exempla médiévaux},
    booktitle = {Actes du IVe congrès de History and Computing, Talence, 14-16 septembre 1989, L'ordinateur et le métier d'historien},
    publisher = {},
    location = {},
    year = 1990,
    pagetotal = {7},
    language = {français},
    keywords = {inproceedings-crh, crh-1990}
    }

@inproceedings{PoloDeBeaulieu4438-1990,
    author = {Polo De Beaulieu, Marie-Anne},
    editor = {J Smets},
    title = {Description de la tradition manuscrite d'une oeuvre médiévale : la <Vvi>Scala coeli</Vvi> de Jean Gobi},
    booktitle = {Histoire et Informatique},
    publisher = {},
    location = {},
    year = 1990,
    pagetotal = {15},
    language = {français},
    keywords = {inproceedings-crh, crh-1990}
    }

@inproceedings{Pomian4451-1990,
    author = {Pomian, Krzysztof},
    editor = {},
    title = {La reconstruction historique : point de vue réaliste},
    booktitle = {Actes du colloque de Cartigny, Louvain 1986, Histoire et conscience historique dans les civilisations du Proche Orient ancien},
    publisher = {},
    location = {Louvain},
    year = 1990,
    pagetotal = {15},
    language = {français},
    keywords = {inproceedings-crh, crh-1990}
    }

@inproceedings{Randles4507-1990,
    author = {Randles, William},
    editor = {},
    title = {La diffusion dans l'Europe du XVIe siècle des connaissances géographiques dues aux Découvertes portugaises},
    booktitle = {Actes du colloque Paris 26-28 mai 1988, La Découverte, le Portugal et l'Europe},
    publisher = {},
    location = {Paris},
    year = 1990,
    pagetotal = {9},
    language = {français},
    keywords = {inproceedings-crh, crh-1990}
    }

@inproceedings{Sarget4555-1990,
    author = {Sarget, Marie-Noelle},
    editor = {},
    title = {Un intérêt méthodologique de l'analyse systémique par rapport à d'autres approches en Sociologie politique et historique},
    booktitle = {Actes du 3e Congrès International Socio-cybernétique et la théorie des systèmes sociaux},
    publisher = {},
    location = {},
    year = 1990,
    pagetotal = {7},
    language = {français},
    keywords = {inproceedings-crh, crh-1990}
    }

@inproceedings{Schmitt4572-1990,
    author = {Schmitt, Jean-Claude},
    editor = {},
    title = {Les idoles chrétiennes},
    booktitle = {L'idolâtrie. Rencontres de l'Ecole du Louvre},
    publisher = {},
    location = {Paris},
    year = 1990,
    pagetotal = {12},
    language = {français},
    keywords = {inproceedings-crh, crh-1990}
    }

@inproceedings{Baulant5645-1990,
    author = {Baulant, Micheline},
    editor = {G.Bouchard and J.Goy},
    title = {Niveaux de vie et reproduction sociale. Les paysans de la région de Meaux (1751-1790)},
    booktitle = {Famille, économie et société rurale en contexte d'urbanisation (XVIIe-XXe siècles). Actes du colloque d'histoire rurale comparée France/Québec},
    publisher = {},
    location = {Chicoutimi/Paris},
    year = 1990,
    pagetotal = {},
    language = {français},
    keywords = {inproceedings-crh, crh-1990}
    }

@inreference{Guerreau4159-1990,
    author = {Guerreau, Alain},
    editor = {S. Auroux},
    title = {Féodalité},
    booktitle = {Encyclopédie philosophique universelle},
    publisher = {},
    series = {},
    location = {},
    year = 1990,
    pagetotal = {4},
    language = {français},
    keywords = {dict-crh, crh-1990}
    }

@inreference{LeBras4262-1990,
    author = {Le Bras, Hervé},
    editor = {},
    title = {Les lois de la migration},
    booktitle = {Encyclopédie de l'Economie},
    publisher = {},
    series = {},
    location = {},
    year = 1990,
    pagetotal = {57},
    language = {français},
    keywords = {dict-crh, crh-1990}
    }

@proceedings{Andreau3636-1990,
    editor = {Andreau, Jean and H. Bruhns},
    editortype = {dir.},
    title = {Parenté et stratégies familiales dans l'Antiquité romaine},
    booktitle = {Parenté et stratégies familiales dans l'Antiquité romaine},
    publisher = {},
    location = {Rome},
    year = 1990,
    pagetotal = {},
    language = {français},
    keywords = {proceedings-crh, crh-1990}
    }

@proceedings{Andreau3637-1990,
    editor = {Andreau, Jean and E. Aerts and P. Oersted},
    editortype = {dir.},
    title = {Models of Regional Economies in Antiquity and the Middle Ages},
    booktitle = {Models of Regional Economies in Antiquity and the Middle Ages},
    publisher = {},
    location = {Louvain},
    year = 1990,
    pagetotal = {},
    language = {anglais},
    keywords = {proceedings-crh, crh-1990}
    }

@proceedings{Berlioz3692-1990,
    editor = {Berlioz, Jacques and P. Arabeyre and alii},
    editortype = {dir.},
    title = {Saint Bernard en Bourgogne. Lieux et mémoire},
    booktitle = {Saint Bernard en Bourgogne. Lieux et mémoire},
    publisher = {},
    location = {Dijon},
    year = 1990,
    pagetotal = {},
    language = {français},
    keywords = {proceedings-crh, crh-1990}
    }

@proceedings{Bruhns3803-1990,
    editor = {Bruhns, Hinnerk and J. Andreau},
    editortype = {dir.},
    title = {Parenté et stratégies familiales dans l'Antiquité Romaine},
    booktitle = {Parenté et stratégies familiales dans l'Antiquité Romaine},
    publisher = {},
    location = {Rome},
    year = 1990,
    pagetotal = {},
    language = {français},
    keywords = {proceedings-crh, crh-1990}
    }

@proceedings{Burguiere3808-1990,
    editor = {Burguiere, André and J.Revel},
    editortype = {dir.},
    title = {Histoire de la France},
    booktitle = {Histoire de la France},
    publisher = {Seuil},
    location = {Paris},
    year = 1990,
    pagetotal = {},
    language = {français},
    keywords = {proceedings-crh, crh-1990}
    }

@proceedings{Burguiere3809-1990,
    editor = {Burguiere, André and H. Atsma},
    editortype = {dir.},
    title = {Marc Bloch aujourd'hui : Histoire comparée et sciences sociales},
    booktitle = {Marc Bloch aujourd'hui : Histoire comparée et sciences sociales},
    publisher = {},
    location = {Paris},
    year = 1990,
    pagetotal = {},
    language = {français},
    keywords = {proceedings-crh, crh-1990}
    }

@proceedings{Fauve4015-1990,
    editor = {Fauve-Chamoux, Antoinette},
    editortype = {dir.},
    title = {The Role of the State and Public Opinion in Sexual Attitudes and Demographic Behaviour},
    booktitle = {The Role of the State and Public Opinion in Sexual Attitudes and Demographic Behaviour},
    publisher = {CIDH},
    location = {Paris},
    year = 1990,
    pagetotal = {},
    language = {anglais},
    keywords = {proceedings-crh, crh-1990}
    }

@proceedings{Fauve4016-1990,
    editor = {Fauve-Chamoux, Antoinette},
    editortype = {dir.},
    title = {Long distance migrations (1500-1900)},
    booktitle = {Long distance migrations (1500-1900)},
    publisher = {CIDH},
    location = {},
    year = 1990,
    pagetotal = {},
    language = {français},
    keywords = {proceedings-crh, crh-1990}
    }

@proceedings{Fontanon4045-1990,
    editor = {Fontanon, Claudine and G.-N. de Ficquelmont and O. Blin},
    editortype = {dir.},
    title = {Le guide du patrimoine industriel, scientifique et technique},
    booktitle = {Le guide du patrimoine industriel, scientifique et technique},
    publisher = {},
    location = {Paris},
    year = 1990,
    pagetotal = {},
    language = {français},
    keywords = {proceedings-crh, crh-1990}
    }

@proceedings{Goy4118-1990,
    editor = {Goy, Joseph and G. Bouchard},
    editortype = {dir.},
    title = {Famille, économie et société rurale en contexte d'urbanisation (17e-20e siècles)},
    booktitle = {Famille, économie et société rurale en contexte d'urbanisation (17e-20e siècles)},
    publisher = {},
    location = {Chicoutimi-Paris},
    year = 1990,
    pagetotal = {},
    language = {français},
    keywords = {proceedings-crh, crh-1990}
    }

@proceedings{Jeannin4188-1990,
    editor = {Jeannin, Pierre and J. Hoock},
    editortype = {dir.},
    title = {Ars Mercatoria, Manuels et traités à l'usage des marchands, 1470-1820},
    booktitle = {Ars Mercatoria, Manuels et traités à l'usage des marchands, 1470-1820},
    publisher = {},
    location = {Paderborn},
    year = 1990,
    pagetotal = {},
    language = {français},
    keywords = {proceedings-crh, crh-1990}
    }

@proceedings{Julliard4228-1990,
    editor = {Julliard, Jacques},
    editortype = {dir.},
    title = {Histoire de la France},
    booktitle = {Histoire de la France},
    publisher = {},
    location = {Paris},
    year = 1990,
    pagetotal = {},
    language = {français},
    keywords = {proceedings-crh, crh-1990}
    }

@proceedings{Pomian4448-1990,
    editor = {Pomian, Krzysztof},
    editortype = {dir.},
    title = {La querelle du déterminisme},
    booktitle = {La querelle du déterminisme},
    publisher = {},
    location = {Paris},
    year = 1990,
    pagetotal = {},
    language = {français},
    keywords = {proceedings-crh, crh-1990}
    }

@proceedings{Revel4530-1990,
    editor = {Revel, Jacques and A.Burguière},
    editortype = {dir.},
    title = {Histoire de la France},
    booktitle = {Histoire de la France},
    publisher = {Seuil},
    location = {Paris},
    year = 1990,
    pagetotal = {},
    language = {français},
    keywords = {proceedings-crh, crh-1990}
    }

@proceedings{Valensi4686-1990,
    editor = {Valensi, Lucette and M.-N. Bourguet and N. Wachtel},
    editortype = {dir.},
    title = {Between Memory and History},
    booktitle = {Between Memory and History},
    publisher = {},
    location = {Londres},
    year = 1990,
    pagetotal = {},
    language = {anglais},
    keywords = {proceedings-crh, crh-1990}
    }

@collection{Mane4348-1990,
    author = {Mane, Perrine and D.Alexandre -Bidon and F.Piponnier},
    editor = {},
    title = {Le mobilier de la maison médiévale},
    booktitle = {Le meuble régional en France. Catalogue de l'exposition du Musée ATP (19 oct. 1990- 25 fév. 1991},
    publisher = {},
    location = {Paris},
    year = 1990,
    pagetotal = {2},
    language = {français},
    keywords = {expo-crh, crh-1990}
    }

@collection{Mane4349-1990,
    author = {Mane, Perrine and D. Alexandre-Bidon},
    editor = {},
    title = {Images du repas de fête au Moyen-Age},
    booktitle = {Se nourrir à Besançon au Moyen-Age. A la table d'un vigneron de Battant. Catalogue de l'exposition à Besançon},
    publisher = {},
    location = {Paris},
    year = 1990,
    pagetotal = {6},
    language = {français},
    keywords = {expo-crh, crh-1990}
    }

@collection{Mouradian4369-1990,
    author = {Mouradian, Claire},
    editor = {},
    title = {La presse arménienne en France},
    booktitle = {France des étrangers. France des libertés, médias et communautés dans l'histoire nationale, Catalogue de l'exposition organisée par l'association "Génériquesé dans le cadre du bicentenaire de la Révolution (Marseille, Orléans, Paris)},
    publisher = {},
    location = {Paris},
    year = 1990,
    pagetotal = {11},
    language = {français},
    keywords = {expo-crh, crh-1990}
    }

@collection{Piponnier5647-1990,
    author = {Piponnier, Françoise and D.Alexandre-Bidon and P.Mane},
    editor = {},
    title = {Le meuble régional en France},
    booktitle = {Le meuble régional en France. Catalogue de l'exposition du Musée ATP (19 oct. 1990- 25 fév. 1991},
    publisher = {},
    location = {Paris},
    year = 1990,
    pagetotal = {},
    language = {français},
    keywords = {expo-crh, crh-1990}
    }

@incollection{Lagarce3265-1990,
    author = {Lagarce, Jacques and E. Lagarce},
    editor = {},
    title = {Un bâton magique égyptien en ivoire a Ras, Shamra},
    booktitle = {Mélanges A. Bounni},
    publisher = {},
    location = {},
    year = 1990,
    pagetotal = {},
    language = {français},
    keywords = {melanges-crh, crh-1990}
    }

@incollection{Fauve4018-1990,
    author = {Fauve-Chamoux, Antoinette},
    editor = {},
    title = {Population rurale et comportement démographique différentiel},
    booktitle = {Modern Age-Modern Historian, in memoriam György Ranki},
    publisher = {},
    location = {Budapest},
    year = 1990,
    pagetotal = {17},
    language = {français},
    keywords = {melanges-crh, crh-1990}
    }

@incollection{Goy4117-1990,
    author = {Goy, Joseph},
    editor = {},
    title = {Transmission successorale et paysannerie pendant la Révolution française : un grand malentendu},
    booktitle = {Memoriam György Ranki (1930-1988)},
    publisher = {},
    location = {Budapest},
    year = 1990,
    pagetotal = {10},
    language = {français},
    keywords = {melanges-crh, crh-1990}
    }

@incollection{LeGoff4291-1990,
    author = {Le Goff, Jacques},
    editor = {},
    title = {Le merveilleux nordique médiéval},
    booktitle = {Pour Jean Malaurie},
    publisher = {},
    location = {Paris},
    year = 1990,
    pagetotal = {8},
    language = {français},
    keywords = {melanges-crh, crh-1990}
    }

@incollection{LeGoff4292-1990,
    author = {Le Goff, Jacques},
    editor = {},
    title = {Le rire dans les règles monastiques du haut Moyen-Age},
    booktitle = {Haut Moyen-Age Culture, éducation et société. Etudes offertes à Pierre Riché},
    publisher = {},
    location = {},
    year = 1990,
    pagetotal = {11},
    language = {français},
    keywords = {melanges-crh, crh-1990}
    }

@incollection{LeGoff4293-1990,
    author = {Le Goff, Jacques},
    editor = {},
    title = {Frantisek Graus et la crise du XIVe siècle : les structures et le hasard},
    booktitle = {Hommage à F. Graus Zur Erinnerung an Frantisek Graus},
    publisher = {},
    location = {},
    year = 1990,
    pagetotal = {11},
    language = {français},
    keywords = {melanges-crh, crh-1990}
    }

@incollection{Pomian4457-1990,
    author = {Pomian, Krzysztof},
    editor = {},
    title = {Muzeum wobec sztuki swojego czasu},
    booktitle = {Fermentum massae mundi. Jackowi Wozniakowskiemu w siedemdziesiata rocznice urodzin},
    publisher = {},
    location = {Varsovie},
    year = 1990,
    pagetotal = {6},
    language = {polonais},
    keywords = {melanges-crh, crh-1990}
    }

@incollection{Vincent4713-1990,
    author = {Vincent, Bernard},
    editor = {},
    title = {Les Jésuites et les Indes},
    booktitle = {Structures et cultures des sociétés ibéro-américaines},
    publisher = {},
    location = {},
    year = 1990,
    pagetotal = {6},
    language = {français},
    keywords = {melanges-crh, crh-1990}
    }

@incollection{Peter91-1990,
    author = {Peter, Jean-Pierre},
    editor = {},
    title = {Franz Anton Mesmer (1734-1814), Mémoire sur la découverte du magnétisme},
    booktitle = {En Français dans le Texte},
    publisher = {Bibliothèque nationale},
    location = {Paris},
    year = 1990,
    pagetotal = {},
    language = {français},
    keywords = {collectif-crh, crh-1990}
    }

@incollection{Julliard877-1990,
    author = {Julliard, Jacques},
    editor = {?},
    title = {1968 d'une crise à l'autre},
    booktitle = {De Gaulle et ses Premiers ministres},
    publisher = {},
    location = {Paris},
    year = 1990,
    pagetotal = {},
    language = {français},
    keywords = {collectif-crh, crh-1990}
    }

@incollection{Pomian884-1990,
    author = {Pomian, Krzysztof},
    editor = {G. Korff and M. Roth},
    title = {Museum und Kulturelles Erbe},
    booktitle = {Das historische Museum. Labor, Schaubühne, Identitätsfabrik},
    publisher = {},
    location = {Francfort},
    year = 1990,
    pagetotal = {},
    language = {allemand},
    keywords = {collectif-crh, crh-1990}
    }

@incollection{Vincent889-1990,
    author = {Vincent, Bernard},
    editor = {?},
    title = {50 000 morisques almerienses},
    booktitle = {Almeria entre cultures, siglos XIII al XVI},
    publisher = {},
    location = {Almeria},
    year = 1990,
    pagetotal = {},
    language = {français},
    keywords = {collectif-crh, crh-1990}
    }

@incollection{Burguiere1683-1990,
    author = {Burguiere, André},
    editor = {M.F.Lévy},
    title = {Demande d'Etat et aspirations individualistes. Les attentes contradictoires des familles à la veille de la Révolution},
    booktitle = {L'Enfant, la Famille et la Révolution française},
    publisher = {O.Orban},
    location = {Paris},
    year = 1990,
    pagetotal = {9},
    language = {français},
    keywords = {collectif-crh, crh-1990}
    }

@incollection{Scherrer2530-1990,
    author = {Scherrer, Jutta},
    editor = {A.Brumberg},
    title = {History Reclaimed},
    booktitle = {Chronicle of a Revolution},
    publisher = {},
    location = {New York},
    year = 1990,
    pagetotal = {18},
    language = {anglais},
    keywords = {collectif-crh, crh-1990}
    }

@incollection{Alleaume3628-1990,
    author = {Alleaume, Ghislaine},
    editor = {?},
    title = {Linant de Bellefonds (1799-1883) et le saint-simonisme en Egypte},
    booktitle = {Les Saints-simoniens et l'Orient. Vers la modernité},
    publisher = {},
    location = {Aix-en-Provence},
    year = 1990,
    pagetotal = {20},
    language = {français},
    keywords = {collectif-crh, crh-1990}
    }

@incollection{Alleaume3629-1990,
    author = {Alleaume, Ghislaine},
    editor = {?},
    title = {Les ingénieurs en Egypte au XIXe siècle (1820-1920). Eléments pour un débat},
    booktitle = {Bâtisseurs et bureaucrates. Ingénieurs et société au Maghreb et au Moyen-Orient},
    publisher = {},
    location = {Lyon},
    year = 1990,
    pagetotal = {16},
    language = {français},
    keywords = {collectif-crh, crh-1990}
    }

@incollection{Andreau3638-1990,
    author = {Andreau, Jean},
    editor = {J.Andreau and H.Bruhns},
    title = {Activité financière et liens de parenté en Italie romaine},
    booktitle = {Parenté et stratégies familiales},
    publisher = {},
    location = {Rome},
    year = 1990,
    pagetotal = {26},
    language = {français},
    keywords = {collectif-crh, crh-1990}
    }

@incollection{Baschet3652-1990,
    author = {Baschet, Jérome},
    editor = {?},
    title = {Satan, prince de l'enfer: le développement de sa puissance dans l'iconographie italienne (XIIIe-XVe siècles)},
    booktitle = {L'autunno del diavolo},
    publisher = {},
    location = {Milan},
    year = 1990,
    pagetotal = {14},
    language = {français},
    keywords = {collectif-crh, crh-1990}
    }

@incollection{Baschet3653-1990,
    author = {Baschet, Jérome},
    editor = {S. Boesch-Gajano and L. Scaraffia},
    title = {L'enfer en son lieu: rôle fonctionnel des fresques et dynamisation de l'espace culturel},
    booktitle = {Luoghi sacri e spazi della santità},
    publisher = {},
    location = {Turin},
    year = 1990,
    pagetotal = {13},
    language = {français},
    keywords = {collectif-crh, crh-1990}
    }

@incollection{Benoit3667-1990,
    author = {Benoit, Serge},
    editor = {D. Woronoff},
    title = {La consommation de combustible végétal et l'évolution des systèmes techniques},
    booktitle = {Forges et forêts. Recherches sur la consommation proto-industrielle de bois},
    publisher = {},
    location = {Paris},
    year = 1990,
    pagetotal = {64},
    language = {français},
    keywords = {collectif-crh, crh-1990}
    }

@incollection{Bergeron3677-1990,
    author = {Bergeron, Louis},
    editor = {E. Aerts and F. Crouzet},
    title = {Les milieux d'affaires, la guerre et la paix (1782-1815)},
    booktitle = {Economic Effects of the French Revolutionary and Napoleonic Wars},
    publisher = {},
    location = {Louvain},
    year = 1990,
    pagetotal = {8},
    language = {français},
    keywords = {collectif-crh, crh-1990}
    }

@incollection{Berlioz3691-1990,
    author = {Berlioz, Jacques},
    editor = {J.-T. Rosenthal},
    title = {Exempla : discussion and a case study},
    booktitle = {Medieval Women and the Sources of Medieval History},
    publisher = {},
    location = {Athènes/Londres},
    year = 1990,
    pagetotal = {14},
    language = {anglais},
    keywords = {collectif-crh, crh-1990}
    }

@incollection{Bonnain3719-1990,
    author = {Bonnain, Rolande},
    editor = {G. Bouchard and J. Goy},
    title = {Transmission du métier et du patrimoine en milieu urbain (1800-1860)},
    booktitle = {Famille, Economie et Société rurale en contexte d'urbanisation (17e-20e siècles)},
    publisher = {},
    location = {Chicoutimi/Paris},
    year = 1990,
    pagetotal = {12},
    language = {français},
    keywords = {collectif-crh, crh-1990}
    }

@incollection{Bourdelais3727-1990,
    author = {Bourdelais, Patrice},
    editor = {Y. Lequin and S. Vandecasteele},
    title = {Des représentations aux réalités, les contremaîtres du Creusot},
    booktitle = {L'usine et le bureau},
    publisher = {},
    location = {Lyon},
    year = 1990,
    pagetotal = {15},
    language = {français},
    keywords = {collectif-crh, crh-1990}
    }

@incollection{Boureau3738-1990,
    author = {Boureau, Alain},
    editor = {S. Dümmchen and M. Nerlich},
    title = {L'image comme piège à énoncés. La leçon de Kantorowicz},
    booktitle = {Texte-image. Bild-Text},
    publisher = {},
    location = {Berlin},
    year = 1990,
    pagetotal = {8},
    language = {français},
    keywords = {collectif-crh, crh-1990}
    }

@incollection{Boureau3740-1990,
    author = {Boureau, Alain},
    editor = {S. Bertelli and C. Grottanelli},
    title = {Il corpo del papa},
    booktitle = {Gli Occhi di Alessandro. Potero sovrano e sacralita del corpo, da Alessandro Magno e Ceausescu},
    publisher = {},
    location = {Florence},
    year = 1990,
    pagetotal = {11},
    language = {italien},
    keywords = {collectif-crh, crh-1990}
    }

@incollection{Boureau3741-1990,
    author = {Boureau, Alain},
    editor = {S. Boesch Gajano and L. Scaraffia},
    title = {Vel sedens vel transiens : la création d'un espace pontifical aux XIe et XIIe siècles},
    booktitle = {Luoghi sacri e spazi della santità},
    publisher = {},
    location = {Turin},
    year = 1990,
    pagetotal = {13},
    language = {français},
    keywords = {collectif-crh, crh-1990}
    }

@incollection{Boureau3742-1990,
    author = {Boureau, Alain},
    editor = {S. Boesch Gajano},
    title = {Barthélémy de Trente et l'invention de la legenda nova},
    booktitle = {Raccolte di vite di santi dal XIII al XVIII secolo. Strutture, messaggi, fruizioni},
    publisher = {},
    location = {},
    year = 1990,
    pagetotal = {17},
    language = {français},
    keywords = {collectif-crh, crh-1990}
    }

@incollection{Braunstein3785-1990,
    author = {Braunstein, Philippe},
    editor = {S. Dümchen and M. Nerlich},
    title = {Portraits de rois allemands à la fin du Moyen-Age : modèle et vérité},
    booktitle = {Texte-Image Bild-Text},
    publisher = {},
    location = {},
    year = 1990,
    pagetotal = {8},
    language = {français},
    keywords = {collectif-crh, crh-1990}
    }

@incollection{Braunstein3787-1990,
    author = {Braunstein, Philippe},
    editor = {J.-C. Maire-Vigueur and A. Paravicini Bagliani},
    title = {Il cantiere del Duomo di Milano alla fine de XIV secolo : lo spazio, gli uomini e l'opera},
    booktitle = {Arts et ratio, Dalla torre di Babele al ponte di Rialto},
    publisher = {},
    location = {},
    year = 1990,
    pagetotal = {18},
    language = {italien},
    keywords = {collectif-crh, crh-1990}
    }

@incollection{Braunstein3788-1990,
    author = {Braunstein, Philippe},
    editor = {T. Mannoni and A. Molinari},
    title = {L'industrie minière et métallurgique dans l'Europe médiévale : approche historique et approche archéologique},
    booktitle = {Scienze in Archeologia},
    publisher = {},
    location = {},
    year = 1990,
    pagetotal = {28},
    language = {français},
    keywords = {collectif-crh, crh-1990}
    }

@incollection{Burguiere3812-1990,
    author = {Burguiere, André},
    editor = {J. Andreau and H. Bruhns},
    title = {De la Rome républicaine à la chrétienté post-tridentine : les raisons de mariage dans la très longue durée},
    booktitle = {Parenté et stratégies familiales dans l'Antiquité romaine},
    publisher = {},
    location = {},
    year = 1990,
    pagetotal = {8},
    language = {français},
    keywords = {collectif-crh, crh-1990}
    }

@incollection{Chartier3865-1990,
    author = {Chartier, Roger},
    editor = {C. Berkvens-Stevelinck},
    title = {Magasin de l'Univers ou Magasin de la République ? Le commerce du livre néerlandais au XVIIe et XVIIIe siècles},
    booktitle = {Le magasin de l'Univers. The Dutch Republic as the Centre of the Book Trade},
    publisher = {},
    location = {},
    year = 1990,
    pagetotal = {20},
    language = {français},
    keywords = {collectif-crh, crh-1990}
    }

@incollection{Chase3892-1990,
    author = {Chase, Jane},
    editor = {R. Kroes},
    title = {Ethical Demography, Civil Society, the State, and the Challenge of the North American Frontier in the Eighteenth Century},
    booktitle = {The American West as Seen by Europeans and Americans},
    publisher = {},
    location = {},
    year = 1990,
    pagetotal = {7},
    language = {anglais},
    keywords = {collectif-crh, crh-1990}
    }

@incollection{Delille3917-1990,
    author = {Delille, Gérard},
    editor = {?},
    title = {Le projet Manduria. Notes pour une étude du pouvoir local au XVIe et XVIIe siècles},
    booktitle = {Sociétà congiuture demografiche e religiosità in Terra d'Otranto nel XVII secolo},
    publisher = {},
    location = {Lecce},
    year = 1990,
    pagetotal = {16},
    language = {français},
    keywords = {collectif-crh, crh-1990}
    }

@incollection{Delille3918-1990,
    author = {Delille, Gérard},
    editor = {?},
    title = {Famiglie contadine in Italia},
    booktitle = {Storia universale della famiglia},
    publisher = {},
    location = {Milan},
    year = 1990,
    pagetotal = {36},
    language = {italien},
    keywords = {collectif-crh, crh-1990}
    }

@incollection{Delille3919-1990,
    author = {Delille, Gérard},
    editor = {?},
    title = {La famiglia contadina nell' Italia moderna},
    booktitle = {Storia dell'agricoltura italiana in età contemporanea},
    publisher = {},
    location = {Venise},
    year = 1990,
    pagetotal = {28},
    language = {italien},
    keywords = {collectif-crh, crh-1990}
    }

@incollection{Demonet3930-1990,
    author = {Demonet, Michel and P. Bourdelais},
    editor = {?},
    title = {Un siècle d'immigration dans une cité industrielle, l'exemple du Creusot (1780-1880)},
    booktitle = {France, société pluri-ethnique, quelques recherches sur l'immigration},
    publisher = {},
    location = {Paris},
    year = 1990,
    pagetotal = {33},
    language = {français},
    keywords = {collectif-crh, crh-1990}
    }

@incollection{Derouet3958-1990,
    author = {Derouet, Bernard},
    editor = {J. Andreau and H. Bruhns},
    title = {L'aristocratie romaine donne-t-elle l'image d'un système à maisons ?},
    booktitle = {Parenté et stratégies familiales dans l'Antiquité romaine},
    publisher = {},
    location = {},
    year = 1990,
    pagetotal = {13},
    language = {français},
    keywords = {collectif-crh, crh-1990}
    }

@incollection{Descimon3965-1990,
    author = {Descimon, Robert},
    editor = {J.-P. Genet},
    title = {Modernité et archaïsme de l'Etat monarchique : le parlement de Paris saisi par la vénalité (XVIe siècle)},
    booktitle = {Genèse de l'Etat moderne. Bilans et perspectives},
    publisher = {},
    location = {},
    year = 1990,
    pagetotal = {15},
    language = {français},
    keywords = {collectif-crh, crh-1990}
    }

@incollection{Desrosiers3971-1990,
    author = {Desrosiers, Sophie and A. Del Monte and F. Joubert and al},
    editor = {?},
    title = {Le tissu employé dans la reliure},
    booktitle = {L'évangelario di Novara. Legatura d'argento dorato e manoscritto Cl 22653 del Musée de Cluny à Parigi},
    publisher = {},
    location = {Novare},
    year = 1990,
    pagetotal = {4},
    language = {français},
    keywords = {collectif-crh, crh-1990}
    }

@incollection{Dewerpe3978-1990,
    author = {Dewerpe, Alain},
    editor = {Y. Lequin and S. Vandecasteele},
    title = {Les pouvoirs du sens pratique. Carrières professionnelles et trajectoires des chefs d'atelier de L'Ansaldo, Gênes,(1900-1920)},
    booktitle = {L'usine et le bureau. Itinéraires sociaux et professionnels dans l'entreprise XIXe et XXe siècles},
    publisher = {},
    location = {},
    year = 1990,
    pagetotal = {42},
    language = {français},
    keywords = {collectif-crh, crh-1990}
    }

@incollection{Ducreux3993-1990,
    author = {Ducreux, Marie-Elisabeth},
    editor = {P. Michel},
    title = {La question tchèque exorcisée ?},
    booktitle = {Religions à l'Est},
    publisher = {},
    location = {},
    year = 1990,
    pagetotal = {28},
    language = {français},
    keywords = {collectif-crh, crh-1990}
    }

@incollection{Fauve4017-1990,
    author = {Fauve-Chamoux, Antoinette},
    editor = {?},
    title = {Destins de femme et manufacture textile à Reims avant la révolution industrielle},
    booktitle = {La donna nell'economia secoli XIII-XVIII},
    publisher = {},
    location = {Prato},
    year = 1990,
    pagetotal = {22},
    language = {français},
    keywords = {collectif-crh, crh-1990}
    }

@incollection{Fridenson4053-1990,
    author = {Fridenson, Patrick},
    editor = {G.-M. De Ficquelmont and O. Blin and C. Fontanon},
    title = {Automobile et cycle},
    booktitle = {Le guide du patrimoine industriel, scientifique et technique},
    publisher = {},
    location = {},
    year = 1990,
    pagetotal = {4},
    language = {français},
    keywords = {collectif-crh, crh-1990}
    }

@incollection{Fridenson4056-1990,
    author = {Fridenson, Patrick},
    editor = {O. Barrot and P. Ory},
    title = {La traction avant},
    booktitle = {Entre-deux-guerres. La création française 1919-1939},
    publisher = {},
    location = {},
    year = 1990,
    pagetotal = {17},
    language = {français},
    keywords = {collectif-crh, crh-1990}
    }

@incollection{Fridenson4057-1990,
    author = {Fridenson, Patrick},
    editor = {Y. Cohen and K. Manfrass},
    title = {Les relations entre les industries automobiles française et allemande des années 1880 aux années 1960},
    booktitle = {Frankreich und Deutschland. Forschung, Technologie und industrielle Entwicklung im 19. und 20. Jahrhundert},
    publisher = {},
    location = {},
    year = 1990,
    pagetotal = {9},
    language = {français},
    keywords = {collectif-crh, crh-1990}
    }

@incollection{Fridenson4059-1990,
    author = {Fridenson, Patrick},
    editor = {A. Burguière and J. Revel},
    title = {Le conflit social},
    booktitle = {Histoire de la France. T.3: L'Etat et les conflits},
    publisher = {Seuil},
    location = {Paris},
    year = 1990,
    pagetotal = {103},
    language = {français},
    keywords = {collectif-crh, crh-1990}
    }

@incollection{Froeschle4077-1990,
    author = {Froeschle-Chopard, Marie-Hélène},
    editor = {?},
    title = {Les confréries du Saint-Sacrement aux XVIIe-XVIIIe siècles},
    booktitle = {Storiografia francese ed italiana a confronto sul fenomeno associativo durante il XVIII e il XIX secolo},
    publisher = {},
    location = {Turin},
    year = 1990,
    pagetotal = {26},
    language = {français},
    keywords = {collectif-crh, crh-1990}
    }

@incollection{Froeschle4079-1990,
    author = {Froeschle-Chopard, Marie-Hélène},
    editor = {S. Boesch Gajano and L. Scaraffia},
    title = {Les Saints du dedans et du dehors},
    booktitle = {Luoghi sacri e spazi della santita},
    publisher = {},
    location = {},
    year = 1990,
    pagetotal = {21},
    language = {français},
    keywords = {collectif-crh, crh-1990}
    }

@incollection{Godin4092-1990,
    author = {Godin, André},
    editor = {?},
    title = {Notes sur Bucer et Erasme, commentateurs du Notre Père},
    booktitle = {Théorie et pratique de l'exégèse},
    publisher = {},
    location = {Genève},
    year = 1990,
    pagetotal = {16},
    language = {français},
    keywords = {collectif-crh, crh-1990}
    }

@incollection{Goy4119-1990,
    author = {Goy, Joseph},
    editor = {G.Bouchard and J.Goy},
    title = {Alliance, héritage et succession comme révélateur des formes et de l'évolution de l'organisation sociale : questions sur le cas français},
    booktitle = {Famille, économie et société rurale},
    publisher = {},
    location = {Chicoutimi/Paris},
    year = 1990,
    pagetotal = {6},
    language = {français},
    keywords = {collectif-crh, crh-1990}
    }

@incollection{Green4125-1990,
    author = {Green, Nancy},
    editor = {P. Mandler},
    title = {To Give and to Receive : Philanthropy and Collective Responsibility among Jews in Paris, 1880-1914},
    booktitle = {The Uses of Charity : The Poor on Relief in the Nineteenth-Century Metropolis},
    publisher = {},
    location = {},
    year = 1990,
    pagetotal = {30},
    language = {anglais},
    keywords = {collectif-crh, crh-1990}
    }

@incollection{Green4126-1990,
    author = {Green, Nancy},
    editor = {P. Birnbaum},
    title = {La Révolution dans l'imaginaire des immigrants juifs},
    booktitle = {Histoire politique des juifs de France},
    publisher = {},
    location = {},
    year = 1990,
    pagetotal = {10},
    language = {français},
    keywords = {collectif-crh, crh-1990}
    }

@incollection{Green4127-1990,
    author = {Green, Nancy},
    editor = {?},
    title = {Quand Lenine travaillait à la B.N.. Les réfugiés révolutionnaires russes à Paris avant 1917},
    booktitle = {Répression et prison politiques en France et en Europe au XIXe siècle},
    publisher = {Société d'histoire de la Révolution de 1848 et des révolutions du XIXe siècle},
    location = {Paris},
    year = 1990,
    pagetotal = {13},
    language = {français},
    keywords = {collectif-crh, crh-1990}
    }

@incollection{Guerreau4158-1990,
    author = {Guerreau, Alain},
    editor = {L. Fossier},
    title = {Histoire médiévale et statistique},
    booktitle = {Le médiéviste et l'ordinateur},
    publisher = {},
    location = {},
    year = 1990,
    pagetotal = {3},
    language = {français},
    keywords = {collectif-crh, crh-1990}
    }

@incollection{Guerreau4161-1990,
    author = {Guerreau, Alain},
    editor = {R. Pastor},
    title = {Politica/derecho/economia/religion : Como eliminar el obstaculo ?},
    booktitle = {Relaciones de poder, de produccion y parentesco en la edad media},
    publisher = {},
    location = {Madrid},
    year = 1990,
    pagetotal = {7},
    language = {espagnol},
    keywords = {collectif-crh, crh-1990}
    }

@incollection{Hartog4179-1990,
    author = {Hartog, François},
    editor = {J. Andreau and F. Hartog},
    title = {La cité antique ?},
    booktitle = {Opus VI-VIII},
    publisher = {},
    location = {},
    year = 1990,
    pagetotal = {},
    language = {français},
    keywords = {collectif-crh, crh-1990}
    }

@incollection{Jeannin4189-1990,
    author = {Jeannin, Pierre},
    editor = {K. Friedland},
    title = {Der Livre des Métiers : Das älteste vielsprachige Kaufmannslexikon},
    booktitle = {Brügge. Colloquium des Hansischen Geschichtsvereins 1988},
    publisher = {},
    location = {Köln},
    year = 1990,
    pagetotal = {10},
    language = {allemand},
    keywords = {collectif-crh, crh-1990}
    }

@incollection{Jeannin4190-1990,
    author = {Jeannin, Pierre and J. Bottin},
    editor = {R. Mazzei and T. Fanfarri},
    title = {La place de Rouen et les réseaux d'affaires lucquois en Europe du nord-ouest (fin du XVIe-début du XVIIe siècles)},
    booktitle = {Convegno Internazionale di Studi Lucca e l'Europa degli affari, secoli XV-XVIII},
    publisher = {},
    location = {},
    year = 1990,
    pagetotal = {44},
    language = {français},
    keywords = {collectif-crh, crh-1990}
    }

@incollection{Jouhaud4200-1990,
    author = {Jouhaud, Christian},
    editor = {A. Burguière and J. Revel},
    title = {Révoltes et contestations d'Ancien Régime},
    booktitle = {Histoire de la France. T.3: L'Etat et les conflits},
    publisher = {Seuil},
    location = {Paris},
    year = 1990,
    pagetotal = {83},
    language = {français},
    keywords = {collectif-crh, crh-1990}
    }

@incollection{Jouhaud4201-1990,
    author = {Jouhaud, Christian},
    editor = {H. Béhar and R. Fayolle},
    title = {Histoire et histoire littéraire},
    booktitle = {L'histoire littéraire aujourd'hui},
    publisher = {},
    location = {},
    year = 1990,
    pagetotal = {14},
    language = {français},
    keywords = {collectif-crh, crh-1990}
    }

@incollection{Jouhaud4202-1990,
    author = {Jouhaud, Christian},
    editor = {L. Turgeon},
    title = {Production symbolique et 'manutention' du pouvoir : le cas de Richelieu (1631-1642)},
    booktitle = {Les productions symboliques du pouvoir, XVIe-XXe siècles},
    publisher = {},
    location = {},
    year = 1990,
    pagetotal = {18},
    language = {français},
    keywords = {collectif-crh, crh-1990}
    }

@incollection{Julia4214-1990,
    author = {Julia, Dominique},
    editor = {S. Boesch Gajano and L. Scaraffia},
    title = {Rome-Reims : Gilles Caillotin pèlerin (1724)},
    booktitle = {Luoghi sacri e spezi della Santità},
    publisher = {},
    location = {},
    year = 1990,
    pagetotal = {38},
    language = {français},
    keywords = {collectif-crh, crh-1990}
    }

@incollection{Julia4216-1990,
    author = {Julia, Dominique},
    editor = {M.-F. Levy},
    title = {L'éducation révolutionnaire : fille de Sparte ou héritière des Lumières},
    booktitle = {L'enfant, la famille et la Révolution française},
    publisher = {},
    location = {},
    year = 1990,
    pagetotal = {16},
    language = {français},
    keywords = {collectif-crh, crh-1990}
    }

@incollection{Julia4217-1990,
    author = {Julia, Dominique},
    editor = {M.F.Lévy},
    title = {L'institution du citoyen. Instruction publique et éducation nationale dans les projets de la période révolutionnaire (1789-1795)},
    booktitle = {L'enfant, la famille et la Révolution française},
    publisher = {},
    location = {Paris},
    year = 1990,
    pagetotal = {48},
    language = {français},
    keywords = {collectif-crh, crh-1990}
    }

@incollection{Julliard4229-1990,
    author = {Julliard, Jacques},
    editor = {J.Julliard},
    title = {Le conflit politique},
    booktitle = {Histoire de la France. T.3: L'Etat et les conflits},
    publisher = {Seuil},
    location = {Paris},
    year = 1990,
    pagetotal = {85},
    language = {français},
    keywords = {collectif-crh, crh-1990}
    }

@incollection{Julliard4231-1990,
    author = {Julliard, Jacques},
    editor = {J.-P. Rioux and J.-F. Sirinelli},
    title = {Une base de masse pour l'anticolonialisme},
    booktitle = {La Guerre d'Algérie et les intellectuels français},
    publisher = {},
    location = {},
    year = 1990,
    pagetotal = {6},
    language = {français},
    keywords = {collectif-crh, crh-1990}
    }

@incollection{Julliard4233-1990,
    author = {Julliard, Jacques},
    editor = {J.-P. Rioux},
    title = {Le mépris et la modernité},
    booktitle = {La Guerre d'Algérie et les Français},
    publisher = {},
    location = {},
    year = 1990,
    pagetotal = {8},
    language = {français},
    keywords = {collectif-crh, crh-1990}
    }

@incollection{Klapisch4244-1990,
    author = {Klapisch-Zuber, Christiane},
    editor = {C. Klapisch.},
    title = {Liens de famille. Vivre et choisir sa parenté},
    booktitle = {Médiévales},
    publisher = {},
    location = {},
    year = 1990,
    pagetotal = {},
    language = {français},
    keywords = {collectif-crh, crh-1990}
    }

@incollection{LeBras4260-1990,
    author = {Le Bras, Hervé},
    editor = {?},
    title = {Evolution des structures démographiques et sociales dans le temps et l'espace},
    booktitle = {Conférences sur le futur},
    publisher = {Conseil général des ponts et chaussées},
    location = {Paris},
    year = 1990,
    pagetotal = {19},
    language = {français},
    keywords = {collectif-crh, crh-1990}
    }

@incollection{LeBras4263-1990,
    author = {Le Bras, Hervé},
    editor = {M. Loriaux},
    title = {Faut-il faire des enfants ou des économies ?},
    booktitle = {Populations âgées et révolution grise},
    publisher = {},
    location = {},
    year = 1990,
    pagetotal = {9},
    language = {français},
    keywords = {collectif-crh, crh-1990}
    }

@incollection{LeGoff4287-1990,
    author = {Le Goff, Jacques},
    editor = {},
    title = {Culture savante et culture folklorique dans l'Occident médiéval : une esquisse},
    booktitle = {Tradition et histoire dans la culture populaire},
    publisher = {},
    location = {Paris},
    year = 1990,
    pagetotal = {8},
    language = {français},
    keywords = {collectif-crh, crh-1990}
    }

@incollection{LeGoff4288-1990,
    author = {Le Goff, Jacques},
    editor = {},
    title = {Réflexions sur le merveilleux en guise d'ouverture},
    booktitle = {Démons et merveilles au Moyen-Age},
    publisher = {},
    location = {Paris},
    year = 1990,
    pagetotal = {15},
    language = {français},
    keywords = {collectif-crh, crh-1990}
    }

@incollection{Lemay4302-1990,
    author = {Lemay, Edna},
    editor = {?},
    title = {Lafitau, Démeunier and the Rejection of the American Model at the French National Assembly, 1789-1791},
    booktitle = {Images of America in Revolutionary France},
    publisher = {},
    location = {Washington},
    year = 1990,
    pagetotal = {14},
    language = {anglais},
    keywords = {collectif-crh, crh-1990}
    }

@incollection{Lepetit4320-1990,
    author = {Lepetit, Bernard},
    editor = {A. Van Der Woude and A. Hayami and J. De Vries},
    title = {Patterns of settlement and Political changes},
    booktitle = {Urbanization in History. A process of Dynamic Interactions},
    publisher = {},
    location = {},
    year = 1990,
    pagetotal = {10},
    language = {anglais},
    keywords = {collectif-crh, crh-1990}
    }

@incollection{Mane4347-1990,
    author = {Mane, Perrine},
    editor = {?},
    title = {Le Pressoir Mystique dans les fresques et miniatures médiévales},
    booktitle = {Le Pressoir Mystique},
    publisher = {},
    location = {},
    year = 1990,
    pagetotal = {14},
    language = {français},
    keywords = {collectif-crh, crh-1990}
    }

@incollection{Ozouf4388-1990,
    author = {Ozouf, Mona and F. Furet},
    editor = {F.Furet and Mona Ozouf},
    title = {Barnave et la Reine},
    booktitle = {Terminer la Révolution, Mounier et Barnave dans la Révolution française},
    publisher = {Presses universitaires de Grenoble},
    location = {Grenoble},
    year = 1990,
    pagetotal = {16},
    language = {français},
    keywords = {collectif-crh, crh-1990}
    }

@incollection{Pesez4405-1990,
    author = {Pesez, Jean-Marie},
    editor = {?},
    title = {Dracy ou la nécessité de la fouille pour l'histoire de l'occupation des sols},
    booktitle = {Vingt ans d'archéologie en pays beaunois},
    publisher = {},
    location = {Beaune},
    year = 1990,
    pagetotal = {10},
    language = {français},
    keywords = {collectif-crh, crh-1990}
    }

@incollection{Podselver4426-1990,
    author = {Podselver, Laurence},
    editor = {F. Alvarez-Pereyre and J. Baumgarten},
    title = {L'anthropologie des communautés juives : une anthropologie paradoxale},
    booktitle = {Les études juives en France},
    publisher = {},
    location = {},
    year = 1990,
    pagetotal = {10},
    language = {français},
    keywords = {collectif-crh, crh-1990}
    }

@incollection{Podselver4427-1990,
    author = {Podselver, Laurence},
    editor = {P. Birnbaum},
    title = {Les Lubavitch et la question de l'Etat : défiance traditionnelle et pragmatisme messianique},
    booktitle = {Histoire politique des juifs de France},
    publisher = {},
    location = {},
    year = 1990,
    pagetotal = {14},
    language = {français},
    keywords = {collectif-crh, crh-1990}
    }

@incollection{PoloDeBeaulieu4432-1990,
    author = {Polo De Beaulieu, Marie-Anne},
    editor = {J.-T. Rosenthal},
    title = {Mulier and femina : the representation of women in the Scala coeli of Jean Gobi},
    booktitle = {Médiéval Women and the Sources of Medieval History},
    publisher = {},
    location = {Athènes/Londres},
    year = 1990,
    pagetotal = {16},
    language = {anglais},
    keywords = {collectif-crh, crh-1990}
    }

@incollection{Pomian4450-1990,
    author = {Pomian, Krzysztof},
    editor = {H.-P. Jeudy},
    title = {Musée et patrimoine},
    booktitle = {Patrimoines en folie},
    publisher = {},
    location = {},
    year = 1990,
    pagetotal = {22},
    language = {français},
    keywords = {collectif-crh, crh-1990}
    }

@incollection{Pomian4452-1990,
    author = {Pomian, Krzysztof},
    editor = {R.-J. Hill and J. Zielonka},
    title = {Religion and Politics in a Time of Glasnot},
    booktitle = {Restructuring Eastern Europe. Towards a New European Order},
    publisher = {},
    location = {},
    year = 1990,
    pagetotal = {16},
    language = {anglais},
    keywords = {collectif-crh, crh-1990}
    }

@incollection{Pomian4458-1990,
    author = {Pomian, Krzysztof},
    editor = {K. Michalski},
    title = {Kryzys przyszlosci},
    booktitle = {O kryzysie},
    publisher = {},
    location = {},
    year = 1990,
    pagetotal = {19},
    language = {polonais},
    keywords = {collectif-crh, crh-1990}
    }

@incollection{Pomian4459-1990,
    author = {Pomian, Krzysztof},
    editor = {K. Michalski},
    title = {Europa i narody (L'Europe et les nations)},
    booktitle = {Europa i co z tego wynika},
    publisher = {},
    location = {Varsovie},
    year = 1990,
    pagetotal = {48},
    language = {polonais},
    keywords = {collectif-crh, crh-1990}
    }

@incollection{Pomian4460-1990,
    author = {Pomian, Krzysztof},
    editor = {J. Le Goff and Al.},
    title = {Geschichte der Strukturen},
    booktitle = {Die Rückeroberung des historischen Denkens. Grundlagen der neuen Geschichtswissenschaft},
    publisher = {},
    location = {},
    year = 1990,
    pagetotal = {19},
    language = {allemand},
    keywords = {collectif-crh, crh-1990}
    }

@incollection{Schmitt4571-1990,
    author = {Schmitt, Jean-Claude},
    editor = {Dinzelbacher and D. Bauer},
    title = {Der Mediävist und die Volkskultur},
    booktitle = {Volksreligion im hohen und späten Mittelalter},
    publisher = {},
    location = {},
    year = 1990,
    pagetotal = {12},
    language = {allemand},
    keywords = {collectif-crh, crh-1990}
    }

@incollection{Schmitt4573-1990,
    author = {Schmitt, Jean-Claude},
    editor = {H. Atsma and A. Burguière},
    title = {Façons de sentir et de penser : un tableau de la civilisation ou une histoire-problème ?},
    booktitle = {Marc Bloch aujourd'hui. Histoire comparée et sciences sociales},
    publisher = {},
    location = {},
    year = 1990,
    pagetotal = {12},
    language = {français},
    keywords = {collectif-crh, crh-1990}
    }

@incollection{Schmitt4576-1990,
    author = {Schmitt, Jean-Claude},
    editor = {L. Pressouyre and T.-N Kinder},
    title = {Le culte de Saint-Bernard et ses images},
    booktitle = {Saint-Bernard et le monde cistercien},
    publisher = {},
    location = {},
    year = 1990,
    pagetotal = {15},
    language = {français},
    keywords = {collectif-crh, crh-1990}
    }

@incollection{Schnapper4607-1990,
    author = {Schnapper, Dominique},
    editor = {P. Centlivres},
    title = {La troisième conception de la nation},
    booktitle = {Devenir Suisse, Adhésion et diversité culturelle des étrangers en Suisse,},
    publisher = {},
    location = {},
    year = 1990,
    pagetotal = {24},
    language = {français},
    keywords = {collectif-crh, crh-1990}
    }

@incollection{Schnapper4608-1990,
    author = {Schnapper, Dominique},
    editor = {P. Birnbaum},
    title = {Les juifs et la nation},
    booktitle = {Histoire politique des juifs de France},
    publisher = {},
    location = {},
    year = 1990,
    pagetotal = {15},
    language = {français},
    keywords = {collectif-crh, crh-1990}
    }

@incollection{Schnapper4609-1990,
    author = {Schnapper, Dominique},
    editor = {H. Mendras},
    title = {Le Citoyen, les nations et l'Europe},
    booktitle = {Six manières d'être Européen},
    publisher = {},
    location = {},
    year = 1990,
    pagetotal = {23},
    language = {français},
    keywords = {collectif-crh, crh-1990}
    }

@incollection{Schnapper4610-1990,
    author = {Schnapper, Dominique},
    editor = {I. Simon-Barouh and P.-J. Simon},
    title = {Réflexion critique sur deux concepts de la sociologie américaine},
    booktitle = {Les Etrangers dans la ville, le regard des sciences sociales},
    publisher = {},
    location = {},
    year = 1990,
    pagetotal = {7},
    language = {français},
    keywords = {collectif-crh, crh-1990}
    }

@incollection{Tenenti4666-1990,
    author = {Tenenti, Alberto},
    editor = {?},
    title = {Ritmo del tempo e vita marittima mediterranea},
    booktitle = {La Mediterranea : antropologia i historia},
    publisher = {},
    location = {Palma de Mallorca},
    year = 1990,
    pagetotal = {9},
    language = {italien},
    keywords = {collectif-crh, crh-1990}
    }

@incollection{Valensi4685-1990,
    author = {Valensi, Lucette},
    editor = {L. Valensi.},
    title = {Maghreb : récits, traces, oublis},
    booktitle = {Cahiers d'Etudes Africaines},
    publisher = {},
    location = {},
    year = 1990,
    pagetotal = {},
    language = {français},
    keywords = {collectif-crh, crh-1990}
    }

@incollection{Valensi4687-1990,
    author = {Valensi, Lucette},
    editor = {A. Burguière},
    title = {Retour d'Orient. De quelques usages du comparatisme en histoire},
    booktitle = {Marc Bloch aujourd'hui. Histoire comparée et sciences sociales},
    publisher = {},
    location = {},
    year = 1990,
    pagetotal = {10},
    language = {français},
    keywords = {collectif-crh, crh-1990}
    }

@incollection{Valensi4688-1990,
    author = {Valensi, Lucette},
    editor = {I. Simon-Barouh and P.-J. Simon},
    title = {Contacts, interactions, métissages : comment les étudier ?},
    booktitle = {Les étrangers dans la cité},
    publisher = {},
    location = {},
    year = 1990,
    pagetotal = {7},
    language = {français},
    keywords = {collectif-crh, crh-1990}
    }

@incollection{Valensi4689-1990,
    author = {Valensi, Lucette},
    editor = {A. Grafton and A. Blair},
    title = {The Making of a Political Paradigm : The Ottoman State and Oriental Despotism},
    booktitle = {The Transmission of Culture in Early Modern Europe},
    publisher = {},
    location = {},
    year = 1990,
    pagetotal = {31},
    language = {anglais},
    keywords = {collectif-crh, crh-1990}
    }

@incollection{Valensi4691-1990,
    author = {Valensi, Lucette and J. Dakhlia},
    editor = {G. Veinstein},
    title = {Le spectacle de la Cour : éléments de comparaison des modes de souveraineté au Maghreb et dans l'Empire ottoman},
    booktitle = {Soliman le Magnifique et son temps},
    publisher = {},
    location = {},
    year = 1990,
    pagetotal = {13},
    language = {français},
    keywords = {collectif-crh, crh-1990}
    }

@incollection{Velay4700-1990,
    author = {Velay-Vallantin, Catherine},
    editor = {?},
    title = {La Marquise de Salusses ou la patience de Grisélidis de Charles Perrault},
    booktitle = {La storia di Griselda in Europa},
    publisher = {Aquila-Roma},
    location = {Rome},
    year = 1990,
    pagetotal = {20},
    language = {français},
    keywords = {collectif-crh, crh-1990}
    }

@incollection{Vincent4710-1990,
    author = {Vincent, Bernard},
    editor = {?},
    title = {La toma de Grenade},
    booktitle = {La fiesta, la ceremonia, el rito},
    publisher = {},
    location = {Grenade},
    year = 1990,
    pagetotal = {7},
    language = {espagnol},
    keywords = {collectif-crh, crh-1990}
    }

@incollection{Vincent4711-1990,
    author = {Vincent, Bernard},
    editor = {A. Redondo},
    title = {Les épidémies dans l'Espagne des années 1550-1570},
    booktitle = {Le corps dans la société espagnole des XVIe et XVIIe siècles},
    publisher = {},
    location = {},
    year = 1990,
    pagetotal = {12},
    language = {français},
    keywords = {collectif-crh, crh-1990}
    }

@incollection{Vincent4712-1990,
    author = {Vincent, Bernard},
    editor = {R. Belvederi},
    title = {Les Gênois dans le royaume de Grenade au XVIe siècle},
    booktitle = {Rapporti Genova-Mediterraneo-Atlantico nella eta moderna},
    publisher = {},
    location = {},
    year = 1990,
    pagetotal = {12},
    language = {français},
    keywords = {collectif-crh, crh-1990}
    }

@incollection{Vincent4714-1990,
    author = {Vincent, Bernard},
    editor = {?},
    title = {Retour sur les monfies grenadins},
    booktitle = {El Bandolero y su Imagen en el Siglo de Oro},
    publisher = {},
    location = {Madrid},
    year = 1990,
    pagetotal = {7},
    language = {français},
    keywords = {collectif-crh, crh-1990}
    }

@book{Julliard4232-1990,
    author = {Julliard, Jacques},
    title = {Réflexions sur la violence},
    publisher = {},
    series = {},
    location = {},
    year = 1990,
    pagetotal = {16},
    language = {français},
    % addendum = {Au risque de penser. Préface},
    keywords = {edition-txt-crh, crh-1990}
    }

@book{Prochasson4493-1990,
    author = {Prochasson, Christophe},
    title = {Réflexions sur la violence},
    publisher = {},
    series = {},
    location = {Paris},
    year = 1990,
    pagetotal = {},
    language = {français},
    % addendum = {édition},
    keywords = {edition-txt-crh, crh-1990}
    }

@book{Chartier3840-1990,
    author = {Chartier, Roger},
    editor = {},
    title = {Historia da vida privada},
    publisher = {},
    series = {},
    location = {Lisbonne},
    year = 1990,
    pagetotal = {},
    language = {portugais},
    addendum = {réédition},
    keywords = {reedition-crh, crh-1990}
    }

@book{Chartier3841-1990,
    author = {Chartier, Roger},
    editor = {R. Chartier and H.-J. Martin},
    title = {Histoire de l'édition française (réédition avec un complément bibliographique)},
    publisher = {},
    series = {},
    location = {Paris},
    year = 1990,
    pagetotal = {},
    language = {français},
    addendum = {réédition},
    keywords = {reedition-crh, crh-1990}
    }

@book{Pomian4445-1990,
    author = {Pomian, Krzysztof},
    editor = {},
    title = {Collectors and Curiosities, Paris and Venice, 1500-1800},
    publisher = {},
    series = {},
    location = {Cambridge},
    year = 1990,
    pagetotal = {},
    language = {anglais},
    addendum = {réédition},
    keywords = {reedition-crh, crh-1990}
    }

@incollection{Smedley4659-1990,
    author = {Smedley-Weill, Anette},
    editor = {},
    title = {Provinces de Languedoc et de Roussillon, généralité de Bordeaux, province de Béarn, généralité de Montauban, province de Provence, généralités de Dauphiné, Pignerol et Lyon. sous-série G7, Inventaire analytique},
    booktitle = {Naissance d'une administration, sous série G7, Inventaire analytique},
    publisher = {Archives Nationales},
    series = {},
    location = {Paris},
    year = 1990,
    pagetotal = {},
    language = {français},
    keywords = {outil-recherche-crh, crh-1990}
    }

