@article{Alleaume3632-1993,
    author = {Alleaume, Ghislaine},
    title = {Les sources de l'histoire économique de l'Egypte moderne aux Archives nationales du Caire : les registres du Dîwân al-tigâra wa-I-mabî ât (Bureau du commerce extérieur)},
    journal = {Annales Islamologiques},
    year = 1993,
    language = {français},
    keywords = {art-crh, crh-1993}
    }

@article{Amiel3635-1993,
    author = {Amiel, Charles},
    title = {Crypto-judaïsme et Inquisition. La matière juive dans les édits de la foi des Inquisitions ibériques},
    journal = {Revue de l'Histoire des Religions},
    year = 1993,
    language = {français},
    keywords = {art-crh, crh-1993}
    }

@article{Andreau3641-1993,
    author = {Andreau, Jean},
    title = {Les financiers et commerçants constituaient-ils, à Rome, des groupes de pression économique ?},
    journal = {Sacris Eruditi},
    year = 1993,
    language = {français},
    keywords = {art-crh, crh-1993}
    }

@article{Baschet3661-1993,
    author = {Baschet, Jérome},
    title = {Medieval Abraham : Between Fleshly Patriarch and Divine Father},
    journal = {Modern Langages Notes},
    year = 1993,
    language = {anglais},
    keywords = {art-crh, crh-1993}
    }

@article{Baschet3662-1993,
    author = {Baschet, Jérome},
    title = {Envers de l'histoire, enfer de l'historien},
    journal = {Le gré des langues},
    year = 1993,
    language = {français},
    keywords = {art-crh, crh-1993}
    }

@article{Bergeron3680-1993,
    author = {Bergeron, Louis},
    title = {Italie : entre archéologie classique et culture industrielle},
    journal = {Universalia 1990},
    year = 1993,
    language = {français},
    keywords = {art-crh, crh-1993}
    }

@article{Bergeron3681-1993,
    author = {Bergeron, Louis},
    title = {Grande-Bretagne : la réutilisation du patrimoine architectural de l'industrie},
    journal = {Universalia 1991},
    year = 1993,
    language = {français},
    keywords = {art-crh, crh-1993}
    }

@article{Bergeron3690-1993,
    author = {Bergeron, Louis},
    title = {Etats-Unis : entre Atlantique et Grands Lacs, un paradis pour l'archéologie industrielle},
    journal = {Universalia 1993},
    year = 1993,
    language = {français},
    keywords = {art-crh, crh-1993}
    }

@article{Beutler3715-1993,
    author = {Beutler, Corinne},
    title = {L'imprimerie au service de l'agriculture au XVIe siècle : une Europe sans frontières},
    journal = {Revue de la Bibliothèque Nationale},
    year = 1993,
    language = {français},
    keywords = {art-crh, crh-1993}
    }

@article{Biquard3716-1993,
    author = {Biquard, Claire},
    title = {Piété et foi dans le Faubourg Saint-Germain au XIXe siècle},
    journal = {Histoire, Economie et Société},
    year = 1993,
    language = {français},
    keywords = {art-crh, crh-1993}
    }

@article{Bonnain3726-1993,
    author = {Bonnain, Rolande},
    title = {D'une patisserie cérémonielle. Usage de l'oubli},
    journal = {Ethnologie française},
    year = 1993,
    language = {français},
    keywords = {art-crh, crh-1993}
    }

@article{Bourdelais3733-1993,
    author = {Bourdelais, Patrice},
    title = {La mise en perspective de la santé ou l'histoire à la carte},
    journal = {Revue française des Affaires Sociales},
    year = 1993,
    language = {français},
    keywords = {art-crh, crh-1993}
    }

@article{Bourdelais3735-1993,
    author = {Bourdelais, Patrice},
    title = {Le vie del contagio e del commercio},
    journal = {Sfera},
    year = 1993,
    language = {italien},
    keywords = {art-crh, crh-1993}
    }

@article{Boureau3750-1993,
    author = {Boureau, Alain},
    title = {Ignace et le Maure. Histoire, anecdote et détachement du sens},
    journal = {Alter-Histoire},
    year = 1993,
    language = {français},
    keywords = {art-crh, crh-1993}
    }

@article{Boureau3751-1993,
    author = {Boureau, Alain},
    title = {Kantorowicz et Christus-Fiscus : la métaphore comme sujet de l'histoire},
    journal = {Alter-Histoire},
    year = 1993,
    language = {français},
    keywords = {art-crh, crh-1993}
    }

@article{Boureau3766-1993,
    author = {Boureau, Alain},
    title = {Naaman, son mal et son secret. Un patient biblique examiné par l'église (XIIe-XVIe siècles)},
    journal = {L'évolution psychiatrique},
    year = 1993,
    language = {français},
    keywords = {art-crh, crh-1993}
    }

@article{Boureau3767-1993,
    author = {Boureau, Alain},
    title = {Der Inzest des Judas. Versuch über die Entstehung des Judenhasses im 12. Jahrhundert},
    journal = {Luzifer-Amor. Zeitschrift zur Geschichte de Psychoanalyse},
    year = 1993,
    language = {allemand},
    keywords = {art-crh, crh-1993}
    }

@article{Boureau3773-1993,
    author = {Boureau, Alain},
    title = {Satan et le dormeur. Une construction médiévale de l'inconscient},
    journal = {Chimères},
    year = 1993,
    language = {français},
    keywords = {art-crh, crh-1993}
    }

@article{Boureau3774-1993,
    author = {Boureau, Alain},
    title = {Pierre de Jean Olivi et le semi-dormeur. Une élaboration médiévale de l'activité inconsciente},
    journal = {Nouvelle Revue de Psychanalyse},
    year = 1993,
    language = {français},
    keywords = {art-crh, crh-1993}
    }

@article{Brabant3783-1993,
    author = {Brabant, Eva},
    title = {Hermann, Balint : deux voies pour une transmission},
    journal = {Le Coq Héron},
    year = 1993,
    language = {français},
    keywords = {art-crh, crh-1993}
    }

@article{Braunstein3794-1993,
    author = {Braunstein, Philippe},
    title = {Venise 1500. La puissance, la novation et la concorde : le triomphe du mythe},
    journal = {Autrement},
    year = 1993,
    language = {français},
    keywords = {art-crh, crh-1993}
    }

@article{Braunstein3795-1993,
    author = {Braunstein, Philippe},
    title = {Métallurgie et vie des campagnes},
    journal = {Etudes Rurales},
    year = 1993,
    language = {français},
    keywords = {art-crh, crh-1993}
    }

@article{Braunstein3800-1993,
    author = {Braunstein, Philippe},
    title = {Légendes welsches et itinéraires silésiens : la prospection minière au XVe siècle},
    journal = {History of Technology},
    year = 1993,
    language = {français},
    keywords = {art-crh, crh-1993}
    }

@article{Bruhns3807-1993,
    author = {Bruhns, Hinnerk},
    title = {La coopération scientifique entre historiens français et allemands},
    journal = {Vingtième siècle},
    year = 1993,
    language = {français},
    keywords = {art-crh, crh-1993}
    }

@article{Chartier3876-1993,
    author = {Chartier, Roger},
    title = {Pouvoir(s) et culture(s)},
    journal = {Cahiers de recherche},
    year = 1993,
    language = {français},
    keywords = {art-crh, crh-1993}
    }

@article{Chartier3884-1993,
    author = {Chartier, Roger},
    title = {Libraries Without Walls},
    journal = {Représentations},
    year = 1993,
    language = {anglais},
    keywords = {art-crh, crh-1993}
    }

@article{Chartier3885-1993,
    author = {Chartier, Roger},
    title = {Le message écrit et ses réceptions. Du codex à l'écran},
    journal = {Revue des Sciences morales et politiques},
    year = 1993,
    language = {français},
    keywords = {art-crh, crh-1993}
    }

@article{Chartier3886-1993,
    author = {Chartier, Roger},
    title = {Popular Culture : A Concept Revisited},
    journal = {Intellectual History Newsletter},
    year = 1993,
    language = {anglais},
    keywords = {art-crh, crh-1993}
    }

@article{Chartier3889-1993,
    author = {Chartier, Roger},
    title = {Comment penser l'autocontrainte ? Entretien avec Roger Chartier sur l'oeuvre de Norbert Elias},
    journal = {Communications},
    year = 1993,
    language = {français},
    keywords = {art-crh, crh-1993}
    }

@article{Chartier3890-1993,
    author = {Chartier, Roger},
    title = {Elias : une pensée des relations},
    journal = {Espaces Temps},
    year = 1993,
    language = {français},
    keywords = {art-crh, crh-1993}
    }

@article{Chartier3891-1993,
    author = {Chartier, Roger},
    title = {Représentaciones y practicas culturales en la Europa moderna. Conversacion con Roger Chartier},
    journal = {Manuscrits},
    year = 1993,
    language = {espagnol},
    keywords = {art-crh, crh-1993}
    }

@article{Dakhlia3907-1993,
    author = {Dakhlia, Jocelyne},
    title = {Démocratie au Maghreb : rêves d'un âge d'or perdu ?},
    journal = {Le Genre humain},
    year = 1993,
    language = {français},
    keywords = {art-crh, crh-1993}
    }

@article{Dakhlia3908-1993,
    author = {Dakhlia, Jocelyne},
    title = {Collective Memory and the Story of History : Lineage and Nation in a North African Oasis},
    journal = {History and Theory},
    year = 1993,
    language = {anglais},
    keywords = {art-crh, crh-1993}
    }

@article{Delille3922-1993,
    author = {Delille, Gérard and A. Ciuffreda},
    title = {Lo scambio dei ruoli : primogeniti/e, cadetti/e tra Quattrocento e Settencento nel Mezzogiorno d'Italia},
    journal = {Quarderni Storici},
    year = 1993,
    language = {italien},
    keywords = {art-crh, crh-1993}
    }

@article{Demelas3926-1993,
    author = {Demelas-Bohy, Marie-Daniele},
    title = {Inteligencia artificial e Historia : el sistema experto Alcazar},
    journal = {Cuadernos Larda},
    year = 1993,
    language = {italien},
    keywords = {art-crh, crh-1993}
    }

@article{Demelas3927-1993,
    author = {Demelas-Bohy, Marie-Daniele and F.-X. Guerra},
    title = {La révolution de Cadix},
    journal = {La pensée politique},
    year = 1993,
    language = {français},
    keywords = {art-crh, crh-1993}
    }

@article{Demelas3928-1993,
    author = {Demelas-Bohy, Marie-Daniele and F.-X. Guerra},
    title = {Un processus révolutionnaire méconnu. L'adoption des formes représentatives modernes en Espagne et en Amérique (1808-1810)},
    journal = {Caravelle, Cahiers du monde hispanique et luso-brésilien},
    year = 1993,
    language = {français},
    keywords = {art-crh, crh-1993}
    }

@article{Depeyrot3954-1993,
    author = {Depeyrot, Georges and F. de Callataÿ and L. Villaronga},
    title = {L'argent monnayé d'Alexandre le Grand à Auguste},
    journal = {Travaux du cercle d'études numismatiques},
    year = 1993,
    language = {français},
    keywords = {art-crh, crh-1993}
    }

@article{Depeyrot3955-1993,
    author = {Depeyrot, Georges},
    title = {Les monnaies des Martys (Aude) : 1er siècle avant J.-C. - IIIe siècle après J.-C.},
    journal = {Cahiers numismatiques},
    year = 1993,
    language = {français},
    keywords = {art-crh, crh-1993}
    }

@article{Depeyrot3956-1993,
    author = {Depeyrot, Georges},
    title = {Les monnaies des lois barbares (Lois salica, gombette, wisigothe, ribuaria, alamanorum, bavaroise)},
    journal = {Acta numismatica},
    year = 1993,
    language = {français},
    keywords = {art-crh, crh-1993}
    }

@article{Derouet3960-1993,
    author = {Derouet, Bernard},
    title = {Le partage des frères : héritage masculin et reproduction sociale en Franche-Comté aux XVIIIe et XIXe siècles},
    journal = {Annales E.S.C.},
    year = 1993,
    language = {français},
    keywords = {art-crh, crh-1993}
    }

@article{Descimon3969-1993,
    author = {Descimon, Robert},
    title = {Milice bourgeoise et identité citadine à Paris au temps de la ligue},
    journal = {Annales E.S.C.},
    year = 1993,
    language = {français},
    keywords = {art-crh, crh-1993}
    }

@article{Dewerpe3980-1993,
    author = {Dewerpe, Alain},
    title = {Construire des bateaux Ansaldo (1900-1915)},
    journal = {Le Mouvement Social},
    year = 1993,
    language = {français},
    keywords = {art-crh, crh-1993}
    }

@article{Dewerpe3984-1993,
    author = {Dewerpe, Alain},
    title = {Ecrire en usinant (XIXe-XXe siècles)},
    journal = {Langage et Travail},
    year = 1993,
    language = {français},
    keywords = {art-crh, crh-1993}
    }

@article{Duchesne3990-1993,
    author = {Duchesne, Annie},
    title = {De l'île d'Avalon à l'Etna},
    journal = {Le Cheval de Troie},
    year = 1993,
    language = {français},
    keywords = {art-crh, crh-1993}
    }

@article{Emptoz4003-1993,
    author = {Emptoz, Gérard},
    title = {Ingénieurs militaires et travaux hydrauliques},
    journal = {Sciences et techniques en perspective},
    year = 1993,
    language = {français},
    keywords = {art-crh, crh-1993}
    }

@article{Emptoz4009-1993,
    author = {Emptoz, Gérard},
    title = {Pierre et Alexandre Clair, constructeurs et modèles},
    journal = {Revue du Musée des arts et métiers},
    year = 1993,
    language = {français},
    keywords = {art-crh, crh-1993}
    }

@article{Fauve4030-1993,
    author = {Fauve-Chamoux, Antoinette},
    title = {Per la buona e la cattiva sorte : Convivenze nella Francia preindustriale},
    journal = {Studi Storici},
    year = 1993,
    language = {italien},
    keywords = {art-crh, crh-1993}
    }

@article{Fauve4031-1993,
    author = {Fauve-Chamoux, Antoinette},
    title = {Household Forms and Living Standards in Pre-Industrial France : From Models to Realities},
    journal = {Journal of Family History},
    year = 1993,
    language = {anglais},
    keywords = {art-crh, crh-1993}
    }

@article{Fauve4032-1993,
    author = {Fauve-Chamoux, Antoinette},
    title = {Les frontières de l'autorégulation paysanne : croissance et famille-souche},
    journal = {Revue de la Bibliothèque Nationale},
    year = 1993,
    language = {français},
    keywords = {art-crh, crh-1993}
    }

@article{Fontanon4049-1993,
    author = {Fontanon, Claudine},
    title = {L'enseignement de l'économie au XIXe et XXe siècles},
    journal = {Cahiers d'histoire du CNAM},
    year = 1993,
    language = {français},
    keywords = {art-crh, crh-1993}
    }

@article{Fridenson4068-1993,
    author = {Fridenson, Patrick},
    title = {Business and the Shop Floor},
    journal = {European Contemporary History},
    year = 1993,
    language = {anglais},
    keywords = {art-crh, crh-1993}
    }

@article{Fridenson4072-1993,
    author = {Fridenson, Patrick},
    title = {L'usine et la ville : Renault de 1919 à 1952},
    journal = {Japan Business History Review},
    year = 1993,
    language = {français},
    keywords = {art-crh, crh-1993}
    }

@article{Fridenson4075-1993,
    author = {Fridenson, Patrick},
    title = {Quand la gestion entre dans l'histoire},
    journal = {Revue française de Gestion},
    year = 1993,
    language = {français},
    keywords = {art-crh, crh-1993}
    }

@article{Froeschle4087-1993,
    author = {Froeschle-Chopard, Marie-Hélène},
    title = {La bibliothèque des dominicains de Toulon au XVIIIe siècle},
    journal = {Provence historique},
    year = 1993,
    language = {français},
    keywords = {art-crh, crh-1993}
    }

@article{Godin4097-1993,
    author = {Godin, André},
    title = {Vitrier},
    journal = {DSAM},
    year = 1993,
    language = {français},
    keywords = {art-crh, crh-1993}
    }

@article{Goubert4113-1993,
    author = {Goubert, Jean-Pierre},
    title = {Culture paysanne et culture médicale en France (1770-1820)},
    journal = {Annales de Bretagne et des Pays de l'Ouest},
    year = 1993,
    language = {français},
    keywords = {art-crh, crh-1993}
    }

@article{Grenier4141-1993,
    author = {Grenier, Jean-Yves},
    title = {Come pensare la società : filosofia politica ed economia politica nei secoli XVIIe XVIIIe},
    journal = {Ricerche storiche},
    year = 1993,
    language = {italien},
    keywords = {art-crh, crh-1993}
    }

@article{Gribaudi4143-1993,
    author = {Gribaudi, Maurizio and A. Blum},
    title = {Les déclarations professionnelles. Pratiques, inscriptions, sources},
    journal = {Annales E.S.C.},
    year = 1993,
    language = {français},
    keywords = {art-crh, crh-1993}
    }

@article{Guelle4157-1993,
    author = {Guelle, Françoise},
    title = {La sidérurgie japonnaise en crise : la morosité du géant},
    journal = {Japon in Extenso},
    year = 1993,
    language = {français},
    keywords = {art-crh, crh-1993}
    }

@article{Guerreau4168-1993,
    author = {Guerreau, Alain},
    title = {L'honneur blessé},
    journal = {Annales E.S.C.},
    year = 1993,
    language = {français},
    keywords = {art-crh, crh-1993}
    }

@article{Guerreau4169-1993,
    author = {Guerreau, Alain},
    title = {A propos d'une liste de dénominations professionnelles dans la France du XIXe siècle},
    journal = {Annales E.S.C.},
    year = 1993,
    language = {français},
    keywords = {art-crh, crh-1993}
    }

@article{Guery4178-1993,
    author = {Guery, Alain},
    title = {L'oeuvre royale - Du roi magicien au roi technicien},
    journal = {Le débat},
    year = 1993,
    language = {français},
    keywords = {art-crh, crh-1993}
    }

@article{Hartog4185-1993,
    author = {Hartog, François},
    title = {La Révolution française et l'antiquité, Avenir d'une illusion ou cheminement d'un quiproquo ?},
    journal = {La pensée politique},
    year = 1993,
    language = {français},
    keywords = {art-crh, crh-1993}
    }

@article{Jeorger4195-1993,
    author = {Jeorger, Muriel and E. Le Roy Ladurie},
    title = {Un épisode des guerres de l'Ouest. Sur une expulsion des religieuses bretonnes en 1902},
    journal = {Commentaire},
    year = 1993,
    language = {français},
    keywords = {art-crh, crh-1993}
    }

@article{Jorland4199-1993,
    author = {Jorland, Gérard},
    title = {Le principe de raison suffisante},
    journal = {Cahiers du Centre de Recherches Historiques,},
    year = 1993,
    language = {français},
    keywords = {art-crh, crh-1993}
    }

@article{Jouhaud4211-1993,
    author = {Jouhaud, Christian and H. Merlin},
    title = {Mécènes, patrons et clients : les médiations textuelles comme pratiques clientélaires au XVIIe siècle},
    journal = {Terrain},
    year = 1993,
    language = {français},
    keywords = {art-crh, crh-1993}
    }

@article{Julia4227-1993,
    author = {Julia, Dominique and J. Dhombres},
    title = {Les repères d'une culture mathématique vers 1800 : le témoignage de deux listes de livres},
    journal = {Rivista di Storia della Scienza},
    year = 1993,
    language = {français},
    keywords = {art-crh, crh-1993}
    }

@article{Julliard4240-1993,
    author = {Julliard, Jacques},
    title = {Comment sont-ils devenus eux-mêmes ?},
    journal = {Mil neuf cent},
    year = 1993,
    language = {français},
    keywords = {art-crh, crh-1993}
    }

@article{Julliard4241-1993,
    author = {Julliard, Jacques},
    title = {Clémenceau et l'affaire Dreyfus, histoire d'une conversion},
    journal = {Mil neuf cent, Revue d'histoire intellectuelle},
    year = 1993,
    language = {français},
    keywords = {art-crh, crh-1993}
    }

@article{Klapisch4257-1993,
    author = {Klapisch-Zuber, Christiane},
    title = {Honneur de noble, renommée de puissant : la définition des magnats italiens (1280-1400)},
    journal = {Médiévales},
    year = 1993,
    language = {français},
    keywords = {art-crh, crh-1993}
    }

@article{Klapisch4258-1993,
    author = {Klapisch-Zuber, Christiane},
    title = {Le corps de la parenté},
    journal = {Micrologus, Natura, scienze e società medievali},
    year = 1993,
    language = {français},
    keywords = {art-crh, crh-1993}
    }

@article{LeBras4278-1993,
    author = {Le Bras, Hervé},
    title = {Immigration et culture},
    journal = {Confluences Méditerranée},
    year = 1993,
    language = {français},
    keywords = {art-crh, crh-1993}
    }

@article{LeBras4279-1993,
    author = {Le Bras, Hervé},
    title = {Démographie et démocratie},
    journal = {Revue européenne des sciences sociales},
    year = 1993,
    language = {français},
    keywords = {art-crh, crh-1993}
    }

@article{LeBras4280-1993,
    author = {Le Bras, Hervé},
    title = {CNRS : sécession des sciences humaines},
    journal = {Le débat},
    year = 1993,
    language = {français},
    keywords = {art-crh, crh-1993}
    }

@article{LeBras4281-1993,
    author = {Le Bras, Hervé},
    title = {Les nouveaux espaces de peuplement},
    journal = {Agriculture et Société},
    year = 1993,
    language = {français},
    keywords = {art-crh, crh-1993}
    }

@article{LeGoff4299-1993,
    author = {Le Goff, Jacques},
    title = {The Medieval West and the Body : Practices and Ideology (A Tentative approach)},
    journal = {Utkal Historical Research Journal},
    year = 1993,
    language = {anglais},
    keywords = {art-crh, crh-1993}
    }

@article{Lepetit4332-1993,
    author = {Lepetit, Bernard},
    title = {Remarques sur la contribution de l'espace à l'analyse historique},
    journal = {Paysages Découverts},
    year = 1993,
    language = {français},
    keywords = {art-crh, crh-1993}
    }

@article{Lepetit4334-1993,
    author = {Lepetit, Bernard},
    title = {Passé, présent et avenir des modèles urbains d'auto-organisation},
    journal = {Temporalités urbaines},
    year = 1993,
    language = {français},
    keywords = {art-crh, crh-1993}
    }

@article{Lepetit4338-1993,
    author = {Lepetit, Bernard},
    title = {A propos d'une histoire intellectuelle de l'économie politique},
    journal = {Bulletin de la SHMC},
    year = 1993,
    language = {français},
    keywords = {art-crh, crh-1993}
    }

@article{Lepetit4339-1993,
    author = {Lepetit, Bernard},
    title = {Une logique du raisonnement historique},
    journal = {Annales E.S.C.},
    year = 1993,
    language = {français},
    keywords = {art-crh, crh-1993}
    }

@article{Lepetit4340-1993,
    author = {Lepetit, Bernard},
    title = {L'histoire rurale française, une vue cavalière},
    journal = {Cahiers d'Economie et Sociologie Rurale},
    year = 1993,
    language = {français},
    keywords = {art-crh, crh-1993}
    }

@article{Lepetit4341-1993,
    author = {Lepetit, Bernard},
    title = {Architecture, géographie, histoire : usages de l'échelle},
    journal = {Genèses},
    year = 1993,
    language = {français},
    keywords = {art-crh, crh-1993}
    }

@article{Lepetit4342-1993,
    author = {Lepetit, Bernard and M.-V. Ozouf-Marignier and B. Salvemini},
    title = {Pratiche dello Spazie e identita sociale : temi e problem di una reflessione in Corso},
    journal = {Meridiana},
    year = 1993,
    language = {italien},
    keywords = {art-crh, crh-1993}
    }

@article{Lepetit4344-1993,
    author = {Lepetit, Bernard},
    title = {Storia : questioni di scala},
    journal = {Societa e Storia},
    year = 1993,
    language = {italien},
    keywords = {art-crh, crh-1993}
    }

@article{Mane4346-1993,
    author = {Mane, Perrine},
    title = {Emergence du vêtement de travail à travers l'iconographie médiévale},
    journal = {Les Cahiers du Léopard d'Or},
    year = 1993,
    language = {français},
    keywords = {art-crh, crh-1993}
    }

@article{Mane4359-1993,
    author = {Mane, Perrine},
    title = {Images et informatique},
    journal = {Le Médiéviste et l'ordinateur},
    year = 1993,
    language = {français},
    keywords = {art-crh, crh-1993}
    }

@article{Netter4381-1993,
    author = {Netter, Marie-Laurence},
    title = {Ferdinand Brunetière contre les intellectuels},
    journal = {Mil Neuf Cent},
    year = 1993,
    language = {français},
    keywords = {art-crh, crh-1993}
    }

@article{Ozouf4393-1993,
    author = {Ozouf, Mona},
    title = {La Révolution française et l'évènement : La fuite du roi},
    journal = {Mélanges de l'Ecole française de Rome},
    year = 1993,
    language = {français},
    keywords = {art-crh, crh-1993}
    }

@article{Ozouf4400-1993,
    author = {Ozouf-Marignier, Marie-Vic},
    title = {Les Atlas régionaux en France : essai d'une préhistoire},
    journal = {Bulletin du comioté français de cartographie},
    year = 1993,
    language = {français},
    keywords = {art-crh, crh-1993}
    }

@article{PoloDeBeaulieu4442-1993,
    author = {Polo De Beaulieu, Marie-Anne},
    title = {Education, apprentissage, initiation},
    journal = {Les Cahiers du CRISIMA},
    year = 1993,
    language = {français},
    keywords = {art-crh, crh-1993}
    }

@article{PoloDeBeaulieu4443-1993,
    author = {Polo De Beaulieu, Marie-Anne},
    title = {Un après-midi à l'URFIST et vive les bibliographies informatisées},
    journal = {Mémoire vive, Revue de la branche française de l'Association Internationale History and Computing},
    year = 1993,
    language = {français},
    keywords = {art-crh, crh-1993}
    }

@article{Pomian4484-1993,
    author = {Pomian, Krzysztof},
    title = {Museet : Europas kvintesens},
    journal = {Museum Europa},
    year = 1993,
    language = {danois},
    keywords = {art-crh, crh-1993}
    }

@article{Pomian4487-1993,
    author = {Pomian, Krzysztof},
    title = {La coleccion, entre lo visible y lo invisible},
    journal = {Revista de Occidente},
    year = 1993,
    language = {espagnol},
    keywords = {art-crh, crh-1993}
    }

@article{Pomian4488-1993,
    author = {Pomian, Krzysztof},
    title = {Collections et musées (note critique)},
    journal = {Annales E.S.C.},
    year = 1993,
    language = {français},
    keywords = {art-crh, crh-1993}
    }

@article{Prochasson4499-1993,
    author = {Prochasson, Christophe},
    title = {Philosopher au XXe siècle : Xavier Léon et l'invention du système R2M (1891-1902)},
    journal = {Revue de Métaphysique et de Morale},
    year = 1993,
    language = {français},
    keywords = {art-crh, crh-1993}
    }

@article{Prochasson4500-1993,
    author = {Prochasson, Christophe},
    title = {Le colonel Picquart ou la vertu cachée},
    journal = {Mil neuf cent. Revue d'histoire intellectuelle},
    year = 1993,
    language = {français},
    keywords = {art-crh, crh-1993}
    }

@article{Prochasson4501-1993,
    author = {Prochasson, Christophe},
    title = {L'historien aux prises avec les idées},
    journal = {Le débat},
    year = 1993,
    language = {français},
    keywords = {art-crh, crh-1993}
    }

@article{Randles4512-1993,
    author = {Randles, William},
    title = {The Alleged Nautical School Founded in the Fifteenth Century at Sagres by Prince Henry of Portugal, called the Navigator},
    journal = {Imago Mundi},
    year = 1993,
    language = {anglais},
    keywords = {art-crh, crh-1993}
    }

@article{Randles4513-1993,
    author = {Randles, William},
    title = {La science universitaire en Europe et les Découvertes portugaises : aristotélisme doctrinaire et expérience des navigateurs},
    journal = {Mare Liberium},
    year = 1993,
    language = {français},
    keywords = {art-crh, crh-1993}
    }

@article{Revel4532-1993,
    author = {Revel, Jacques},
    title = {Conclusioni},
    journal = {Annali della Scuola Normale Superiore},
    year = 1993,
    language = {italien},
    keywords = {art-crh, crh-1993}
    }

@article{Rucquoi4542-1993,
    author = {Rucquoi, Adeline},
    title = {La lutte pour le pouvoir en filigrane de l'historiographie trastamariste},
    journal = {Genèse médiévale},
    year = 1993,
    language = {français},
    keywords = {art-crh, crh-1993}
    }

@article{Schmitt4599-1993,
    author = {Schmitt, Jean-Claude},
    title = {L'historien et les images aujourd'hui},
    journal = {Xoana. Images et sciences sociales},
    year = 1993,
    language = {français},
    keywords = {art-crh, crh-1993}
    }

@article{Schmitt4601-1993,
    author = {Schmitt, Jean-Claude},
    title = {Le corps des fantômes},
    journal = {Micrologus, Natura, scienze e società medievali, I: I discorsi dei corpi},
    year = 1993,
    language = {français},
    keywords = {art-crh, crh-1993}
    }

@article{Schmitt4602-1993,
    author = {Schmitt, Jean-Claude},
    title = {Le miroir du canoniste. Les images et le texte dans un manuscrit médiéval},
    journal = {Annales E.S.C.},
    year = 1993,
    language = {français},
    keywords = {art-crh, crh-1993}
    }

@article{Schmitt4603-1993,
    author = {Schmitt, Jean-Claude},
    title = {La nocion de lo sagrado y su aplicacion a la historia del cristianismo medieval},
    journal = {Temas Medievales},
    year = 1993,
    language = {espagnol},
    keywords = {art-crh, crh-1993}
    }

@article{Schmitt4604-1993,
    author = {Schmitt, Jean-Claude},
    title = {La voie occidentale des images},
    journal = {Les Cahiers du Collège Iconique. Communications et débats},
    year = 1993,
    language = {français},
    keywords = {art-crh, crh-1993}
    }

@article{Schmitt4605-1993,
    author = {Schmitt, Jean-Claude},
    title = {Bilder als Erinnerung und Vorstellung. Die Erscheinungen der Toten im Mittelalter},
    journal = {Historische,Anthropologie. Kultur - Gesellschaft - Alltag},
    year = 1993,
    language = {allemand},
    keywords = {art-crh, crh-1993}
    }

@article{Schnapper4622-1993,
    author = {Schnapper, Dominique},
    title = {La nation et l'étranger},
    journal = {Philosophie politique},
    year = 1993,
    language = {français},
    keywords = {art-crh, crh-1993}
    }

@article{Schnapper4624-1993,
    author = {Schnapper, Dominique},
    title = {La citoyenneté à l'épreuve : les musulmans pendant la guerre du Golfe},
    journal = {Revue Française de science politique},
    year = 1993,
    language = {français},
    keywords = {art-crh, crh-1993}
    }

@article{Schnapper4625-1993,
    author = {Schnapper, Dominique},
    title = {Ethnies et nations},
    journal = {Cahiers de recherche sociologique},
    year = 1993,
    language = {français},
    keywords = {art-crh, crh-1993}
    }

@article{Schnapper4626-1993,
    author = {Schnapper, Dominique},
    title = {Le sens de l'ethnico-religieux},
    journal = {Archives des sciences sociales des religions},
    year = 1993,
    language = {français},
    keywords = {art-crh, crh-1993}
    }

@article{Seitz4633-1993,
    author = {Seitz, Frédéric},
    title = {L'enseignement de la construction, de l'architecture et du dessin, à la fin du XIXe siècle et au début du XXe siècle. L'apport d'Emile Trélat et de Jules Pillet},
    journal = {Cahiers d'histoire du CNAM},
    year = 1993,
    language = {français},
    keywords = {art-crh, crh-1993}
    }

@article{Seitz4634-1993,
    author = {Seitz, Frédéric},
    title = {L'enseignement de l'architecture en France, au XIXe siècle},
    journal = {Cahiers du Centre de Recherches Historiques},
    year = 1993,
    language = {français},
    keywords = {art-crh, crh-1993}
    }

@article{Sigaut4653-1993,
    author = {Sigaut, François},
    title = {Learning, teaching and apprenticeship},
    journal = {New Literary History},
    year = 1993,
    language = {anglais},
    keywords = {art-crh, crh-1993}
    }

@article{Sigaut4657-1993,
    author = {Sigaut, François},
    title = {Musées d'agriculture et filières de développement rural},
    journal = {Cahier n° 1 de l'AFMA},
    year = 1993,
    language = {français},
    keywords = {art-crh, crh-1993}
    }

@article{Smedley4663-1993,
    author = {Smedley-Weill, Anette},
    title = {La gestion du commerce français au XVIIe siècle : Impulsions gouvernementales et besoin des échanges},
    journal = {Histoire, Economie, Société},
    year = 1993,
    language = {français},
    keywords = {art-crh, crh-1993}
    }

@article{Tenenti4684-1993,
    author = {Tenenti, Alberto},
    title = {Le forme della previsione tra Medioevo e Rinascimento},
    journal = {Scienza e Storia},
    year = 1993,
    language = {italien},
    keywords = {art-crh, crh-1993}
    }

@article{Valensi4696-1993,
    author = {Valensi, Lucette},
    title = {Vichy, l'Occupation, les Juifs. Présence du passé, lenteur de l'histoire},
    journal = {Annales E.S.C.},
    year = 1993,
    language = {français},
    keywords = {art-crh, crh-1993}
    }

@article{Velay4708-1993,
    author = {Velay-Vallantin, Catherine},
    title = {Raisons et modalités de la fortune des contes de Perrault en France et en Angleterre : de la production à la traduction (XVIIe-XIXe siècles)},
    journal = {Textuel, Revue de l'U.F.R. Sciences des Textes et Documents: Ecrire, voir, conter},
    year = 1993,
    language = {français},
    keywords = {art-crh, crh-1993}
    }

@book{Baschet3660-1993,
    author = {Baschet, Jérome},
    title = {Les justices de l'au-delà. Les représentations de l'enfer en France et en Italie (XIIe-XVe siècles)},
    publisher = {},
    series = {},
    location = {Rome},
    year = 1993,
    pagetotal = {},
    language = {français},
    keywords = {book-crh, crh-1993}
    }

@book{Berlioz3707-1993,
    author = {Berlioz, Jacques and P. Poirrier and P. Arabeyre,},
    title = {Vies et légendes de Saint Bernard. Création, diffusion, réception (XIIe-XXe siècles)},
    publisher = {},
    series = {Commentarii Cistercienses (Textes et documents)},
    location = {Cîteaux},
    year = 1993,
    pagetotal = {},
    language = {français},
    keywords = {book-crh, crh-1993}
    }

@book{Bourdelais3731-1993,
    author = {Bourdelais, Patrice},
    title = {L'âge de la vieillesse, histoire du vieillissement de la population},
    publisher = {},
    series = {},
    location = {Paris},
    year = 1993,
    pagetotal = {},
    language = {français},
    keywords = {book-crh, crh-1993}
    }

@book{Boureau3772-1993,
    author = {Boureau, Alain},
    title = {L'évènement sans fin. Récit et christianisme au Moyen -Age},
    publisher = {},
    series = {},
    location = {Paris},
    year = 1993,
    pagetotal = {},
    language = {français},
    keywords = {book-crh, crh-1993}
    }

@book{Brabant3782-1993,
    author = {Brabant, Eva},
    title = {Ferenczi et l'école hongroise de psychanalyse},
    publisher = {},
    series = {},
    location = {Paris},
    year = 1993,
    pagetotal = {},
    language = {français},
    keywords = {book-crh, crh-1993}
    }

@book{Chartier3874-1993,
    author = {Chartier, Roger},
    title = {Pratiques de la lecture avec une orientation bibliographique 1985-1992},
    publisher = {},
    series = {},
    location = {Paris},
    year = 1993,
    pagetotal = {},
    language = {français},
    keywords = {book-crh, crh-1993}
    }

@book{Chaussinand3898-1993,
    author = {Chaussinand-Nogaret, Guy},
    title = {Le château de Versailles},
    publisher = {Complexe},
    series = {},
    location = {Bruxelles},
    year = 1993,
    pagetotal = {},
    language = {français},
    keywords = {book-crh, crh-1993}
    }

@book{Depeyrot3953-1993,
    author = {Depeyrot, Georges},
    title = {Le numéraire carolingien, corpus des monnaies},
    publisher = {},
    series = {},
    location = {Paris},
    year = 1993,
    pagetotal = {},
    language = {français},
    keywords = {book-crh, crh-1993}
    }

@book{Ferro4041-1993,
    author = {Ferro, Marc},
    title = {La Grande Guerre 1914-1918},
    publisher = {},
    series = {},
    location = {Athènes},
    year = 1993,
    pagetotal = {},
    language = {français},
    keywords = {book-crh, crh-1993}
    }

@book{Ferro4042-1993,
    author = {Ferro, Marc},
    title = {Questions sur la IIe Guerre mondiale},
    publisher = {},
    series = {},
    location = {Paris},
    year = 1993,
    pagetotal = {},
    language = {français},
    keywords = {book-crh, crh-1993}
    }

@book{Ferro4044-1993,
    author = {Ferro, Marc},
    title = {L'Etat de toutes les Russie. Les Etats et les nations de l'URSS},
    publisher = {},
    series = {},
    location = {Paris},
    year = 1993,
    pagetotal = {},
    language = {français},
    keywords = {book-crh, crh-1993}
    }

@book{Goldberg4105-1993,
    author = {Goldberg, Sylvie-Anne},
    title = {Dictionnaire Encyclopédique du Judaïsme. Esquisse de l'histoire du Peuple Juif},
    publisher = {Cerf},
    series = {},
    location = {Paris},
    year = 1993,
    pagetotal = {},
    language = {français},
    keywords = {book-crh, crh-1993}
    }

@book{LeBras4276-1993,
    author = {Le Bras, Hervé},
    title = {La planète au village},
    publisher = {},
    series = {},
    location = {Paris},
    year = 1993,
    pagetotal = {},
    language = {français},
    keywords = {book-crh, crh-1993}
    }

@book{Ozouf4394-1993,
    author = {Ozouf, Mona and F. Furet},
    title = {L'idea di republica nell'Europa moderna},
    publisher = {},
    series = {},
    location = {},
    year = 1993,
    pagetotal = {397},
    language = {italien},
    keywords = {book-crh, crh-1993}
    }

@book{Ozouf4395-1993,
    author = {Ozouf, Mona and F. Furet},
    title = {Le siècle de l'avènement républicain},
    publisher = {},
    series = {},
    location = {},
    year = 1993,
    pagetotal = {478},
    language = {français},
    keywords = {book-crh, crh-1993}
    }

@book{Prochasson4502-1993,
    author = {Prochasson, Christophe},
    title = {Les intellectuels, le socialisme et la guerre, 1900-1938},
    publisher = {},
    series = {},
    location = {Paris},
    year = 1993,
    pagetotal = {},
    language = {français},
    keywords = {book-crh, crh-1993}
    }

@book{Rucquoi4551-1993,
    author = {Rucquoi, Adeline},
    title = {Valladolid au Moyen-Age},
    publisher = {},
    series = {},
    location = {Paris},
    year = 1993,
    pagetotal = {},
    language = {français},
    keywords = {book-crh, crh-1993}
    }

@book{Rucquoi4552-1993,
    author = {Rucquoi, Adeline},
    title = {Histoire médiévale de la Péninsule ibérique},
    publisher = {},
    series = {},
    location = {Paris},
    year = 1993,
    pagetotal = {},
    language = {français},
    keywords = {book-crh, crh-1993}
    }

@book{Schmitt4587-1993,
    author = {Schmitt, Jean-Claude},
    title = {Heidenspass und Höllenangst. Aberglaube im Mittelalter},
    publisher = {},
    series = {},
    location = {Francfort},
    year = 1993,
    pagetotal = {},
    language = {allemand},
    keywords = {book-crh, crh-1993}
    }

@book{Schmitt4606-1993,
    author = {Schmitt, Jean-Claude},
    title = {Thésaurus des images médiévales pour la constitution de bases de données iconographiques},
    publisher = {EHESS},
    series = {},
    location = {Paris},
    year = 1993,
    pagetotal = {183},
    language = {français},
    keywords = {book-crh, crh-1993}
    }

@book{Seitz4632-1993,
    author = {Seitz, Frédéric},
    title = {Construire en acier},
    publisher = {},
    series = {},
    location = {Paris},
    year = 1993,
    pagetotal = {},
    language = {français},
    keywords = {book-crh, crh-1993}
    }

@book{Valensi4698-1993,
    author = {Valensi, Lucette},
    title = {The Birth of the Despot},
    publisher = {},
    series = {},
    location = {Ithaca-New-York},
    year = 1993,
    pagetotal = {},
    language = {anglais},
    keywords = {book-crh, crh-1993}
    }

@inproceedings{Emptoz105-1993,
    author = {Emptoz, Gérard},
    editor = {A. Herlea},
    title = {Relations entre savants et manufacturiers : le cas de la bougie stéarique en France},
    booktitle = {Science-Technology Relationships. Actes XVIIIth International ICOHTEC Symposium (Paris, 8-13 juillet 1990)},
    publisher = {},
    location = {San Francisco},
    year = 1993,
    pagetotal = {8},
    language = {français},
    keywords = {inproceedings-crh, crh-1993}
    }

@inproceedings{Baschet3659-1993,
    author = {Baschet, Jérome},
    editor = {},
    title = {Logique narrative, noeuds thématiques et localisation des fresques. Remarques sur un livre récent et un cas célèbre de boustrophédon},
    booktitle = {L'emplacement et la fonction des images dans la peinture murale du Moyen-Age, Actes du 5è Séminaire international d'Art Mural},
    publisher = {},
    location = {},
    year = 1993,
    pagetotal = {13},
    language = {français},
    keywords = {inproceedings-crh, crh-1993}
    }

@inproceedings{Brabant3784-1993,
    author = {Brabant, Eva},
    editor = {},
    title = {Ferenczi à la recherche de l'enfant dans l'homme},
    booktitle = {L'enfant et la psychanalyse, Actes du colloque},
    publisher = {},
    location = {Paris},
    year = 1993,
    pagetotal = {8},
    language = {français},
    keywords = {inproceedings-crh, crh-1993}
    }

@inproceedings{Braunstein3801-1993,
    author = {Braunstein, Philippe and R. Francovich},
    editor = {},
    title = {Gli statuti minerari nel Medioevo europeo},
    booktitle = {Archeologia delle attivita estrattive e metallurgiche, Quaderni del dipartimento di Archeologia e Storia delle Arti},
    publisher = {},
    location = {Florence},
    year = 1993,
    pagetotal = {25},
    language = {italien},
    keywords = {inproceedings-crh, crh-1993}
    }

@inproceedings{Burguiere3820-1993,
    author = {Burguiere, André},
    editor = {Alain Croix and Jean Queniart)},
    title = {Les transformations de la culture familiale et les structures domestiques autour de la Révolution},
    booktitle = {Actes de colloque},
    publisher = {},
    location = {},
    year = 1993,
    pagetotal = {16},
    language = {français},
    keywords = {inproceedings-crh, crh-1993}
    }

@inproceedings{Chartier3879-1993,
    author = {Chartier, Roger},
    editor = {C. Armbruster},
    title = {Book Markets and Reading in France at the End of the Old Regime},
    booktitle = {A symposium at the Library of Congress, Publishing and Readership in Revolutionary France and America},
    publisher = {},
    location = {Westport/Londres},
    year = 1993,
    pagetotal = {20},
    language = {anglais},
    keywords = {inproceedings-crh, crh-1993}
    }

@inproceedings{Chartier3880-1993,
    author = {Chartier, Roger},
    editor = {},
    title = {L'histoire des femmes, XVIe-XVIIIe siècles. Différences entre les sexes et violence symbolique},
    booktitle = {Colloque organisé par G.Duby, M.Perrot et les directrices de l'histoire des femmes en Occident, 13-14 novembre 1992, Femmes et histoire},
    publisher = {Plon},
    location = {Paris},
    year = 1993,
    pagetotal = {9},
    language = {français},
    keywords = {inproceedings-crh, crh-1993}
    }

@inproceedings{Debert3916-1993,
    author = {Debert, Aline},
    editor = {},
    title = {Les missions des abbayes Saint-Michel de Frigolet et Saint-Martin de Mondaye à Madagascar},
    booktitle = {Actes officiels du 18è colloque du Centre d'Etudes et de Recherches Prémontrées},
    publisher = {},
    location = {},
    year = 1993,
    pagetotal = {11},
    language = {français},
    keywords = {inproceedings-crh, crh-1993}
    }

@inproceedings{Descimon3968-1993,
    author = {Descimon, Robert},
    editor = {C. Charle},
    title = {Bourgeois de Paris. Les migrations sociales d'un privilège XIVe-XVIIIe siècles},
    booktitle = {Actes du colloque de 1989, Histoire sociale Histoire globale ?},
    publisher = {},
    location = {},
    year = 1993,
    pagetotal = {10},
    language = {français},
    keywords = {inproceedings-crh, crh-1993}
    }

@inproceedings{Fontanon4048-1993,
    author = {Fontanon, Claudine},
    editor = {},
    title = {Le musée de la prévention des accidents ou le témoignage matériel d'un dysfonctionnement de la société industrielle (1905-1960)},
    booktitle = {Journées d'études de muséologie technique},
    publisher = {},
    location = {Paris},
    year = 1993,
    pagetotal = {26},
    language = {français},
    keywords = {inproceedings-crh, crh-1993}
    }

@inproceedings{Godin4093-1993,
    author = {Godin, André},
    editor = {},
    title = {Erasme, Aléandre : une étrange familiarité},
    booktitle = {Actes du colloque Erasme},
    publisher = {},
    location = {},
    year = 1993,
    pagetotal = {28},
    language = {français},
    keywords = {inproceedings-crh, crh-1993}
    }

@inproceedings{Godin4096-1993,
    author = {Godin, André},
    editor = {},
    title = {Les relations culturelles franco-roumaines des années Trente : Alphonse Dupront, directeur de l'Institut français et de la Mission universitaire},
    booktitle = {Colloque sur l'histoire des relations franco-roumaines (Bucarest 10-12 mai 1993), Academica},
    publisher = {},
    location = {},
    year = 1993,
    pagetotal = {4},
    language = {français},
    keywords = {inproceedings-crh, crh-1993}
    }

@inproceedings{Mouradian4374-1993,
    author = {Mouradian, Claire},
    editor = {},
    title = {Autour du Karabagh et du mouvement national arménien},
    booktitle = {Actes du colloque Underdevelopment, Ethnic conflict and Nationalism in the URSS},
    publisher = {Cortona},
    location = {Milan},
    year = 1993,
    pagetotal = {15},
    language = {français},
    keywords = {inproceedings-crh, crh-1993}
    }

@inproceedings{PoloDeBeaulieu4441-1993,
    author = {Polo De Beaulieu, Marie-Anne},
    editor = {},
    title = {L'image du clergé séculier dans les recueils d'exempla (XIIIe-XVe siècles)},
    booktitle = {XXe congrès de la société des historiens médiévistes de l'enseignement supérieur public, Amiens juin 1991, Le clerc séculier au Moyen-Age},
    publisher = {},
    location = {Paris},
    year = 1993,
    pagetotal = {20},
    language = {français},
    keywords = {inproceedings-crh, crh-1993}
    }

@inproceedings{Pomian4485-1993,
    author = {Pomian, Krzysztof},
    editor = {E. Barroso and E. Vaillant},
    title = {Musées de société : de la nostalgie à l'anticipation},
    booktitle = {Actes du colloque Mulhouse-Ungersheim, juin 1991, Musées et sociétés},
    publisher = {},
    location = {Paris},
    year = 1993,
    pagetotal = {6},
    language = {français},
    keywords = {inproceedings-crh, crh-1993}
    }

@inproceedings{Ribaucourt4537-1993,
    author = {Ribaucourt, Colette},
    editor = {},
    title = {Saint-Bernard dans les exempla (XIIIe-XIVe siècle)},
    booktitle = {Actes du colloque de Dijon, 7-8 juin 1991, Vies et légendes de Saint-Bernard, création, diffusion, réception},
    publisher = {},
    location = {Cîteaux},
    year = 1993,
    pagetotal = {25},
    language = {français},
    keywords = {inproceedings-crh, crh-1993}
    }

@inproceedings{Sarget4557-1993,
    author = {Sarget, Marie-Noelle},
    editor = {},
    title = {L'analyse systémique et son utilisation en Sociologie politique},
    booktitle = {Actes du Congrès Systémique et Cognition},
    publisher = {},
    location = {},
    year = 1993,
    pagetotal = {9},
    language = {français},
    keywords = {inproceedings-crh, crh-1993}
    }

@inproceedings{Sarget4558-1993,
    author = {Sarget, Marie-Noelle},
    editor = {},
    title = {Sociologie historique, périodisation et analyse des systèmes},
    booktitle = {Actes du 2e Congrès International de Systémique},
    publisher = {},
    location = {},
    year = 1993,
    pagetotal = {7},
    language = {français},
    keywords = {inproceedings-crh, crh-1993}
    }

@inreference{PoloDeBeaulieu5432-1993,
    author = {Polo De Beaulieu, Marie-Anne},
    editor = {J.M. Grassin},
    title = {Article 'Exemplum'},
    booktitle = {Encyclopédie électronique de la Science Littéraire},
    publisher = {},
    series = {},
    location = {},
    year = 1993,
    pagetotal = {},
    language = {français},
    keywords = {dict-crh, crh-1993}
    }

@proceedings{Burguiere3817-1993,
    editor = {Burguiere, André and J.Revel},
    editortype = {dir.},
    title = {Histoire de la France},
    booktitle = {Histoire de la France},
    publisher = {Seuil},
    location = {Paris},
    year = 1993,
    pagetotal = {},
    language = {français},
    keywords = {proceedings-crh, crh-1993}
    }

@proceedings{Elboudrari3998-1993,
    editor = {Elboudrari, Hassan},
    editortype = {dir.},
    title = {Modes de transmission de la culture religieuse en Islam},
    booktitle = {Modes de transmission de la culture religieuse en Islam},
    publisher = {},
    location = {Le Caire},
    year = 1993,
    pagetotal = {},
    language = {français},
    keywords = {proceedings-crh, crh-1993}
    }

@proceedings{Jeannin4194-1993,
    editor = {Jeannin, Pierre and J. Hoock},
    editortype = {dir.},
    title = {Ars Mercatoria, Manuels et traités à l'usage des marchands, 1470-1820},
    booktitle = {Ars Mercatoria, Manuels et traités à l'usage des marchands, 1470-1820},
    publisher = {},
    location = {Paderborn},
    year = 1993,
    pagetotal = {},
    language = {français},
    keywords = {proceedings-crh, crh-1993}
    }

@proceedings{Lepetit4333-1993,
    editor = {Lepetit, Bernard and D. Pumain},
    editortype = {dir.},
    title = {Temporalités urbaines},
    booktitle = {Temporalités urbaines},
    publisher = {},
    location = {Paris},
    year = 1993,
    pagetotal = {},
    language = {français},
    keywords = {proceedings-crh, crh-1993}
    }

@proceedings{Piponnier4425-1993,
    editor = {Piponnier, Françoise},
    editortype = {dir.},
    title = {Le château d'Essertines},
    booktitle = {Le château d'Essertines},
    publisher = {},
    location = {Lyon},
    year = 1993,
    pagetotal = {},
    language = {français},
    keywords = {proceedings-crh, crh-1993}
    }

@proceedings{Revel4531-1993,
    editor = {Revel, Jacques and A.Burguière},
    editortype = {dir.},
    title = {Histoire de la France},
    booktitle = {Histoire de la France},
    publisher = {Seuil},
    location = {Paris},
    year = 1993,
    pagetotal = {},
    language = {français},
    keywords = {proceedings-crh, crh-1993}
    }

@collection{Pesez4415-1993,
    author = {Pesez, Jean-Marie},
    editor = {},
    title = {La vie rurale et conclusion},
    booktitle = {L'Ile-de-France, de Clovis à Hugues Capet, catalogue d'exposition},
    publisher = {},
    location = {},
    year = 1993,
    pagetotal = {9},
    language = {français},
    keywords = {expo-crh, crh-1993}
    }

@collection{Pomian4483-1993,
    author = {Pomian, Krzysztof},
    editor = {D. Folga-Januszewska},
    title = {La photographie : transfiguration du visible},
    booktitle = {Photologie Egypte lumière et fotosinteza (sic!) de Pruszkowski. Catalogue d'exposition},
    publisher = {Musée national},
    location = {Varsovie},
    year = 1993,
    pagetotal = {9},
    language = {français},
    keywords = {expo-crh, crh-1993}
    }

@incollection{Bourdelais3732-1993,
    author = {Bourdelais, Patrice},
    editor = {},
    title = {Rythmes et modes de formation de la population du Creusot, 1836-1876},
    booktitle = {Mesurer et comprendre},
    publisher = {},
    location = {},
    year = 1993,
    pagetotal = {20},
    language = {français},
    keywords = {melanges-crh, crh-1993}
    }

@incollection{Braunstein3799-1993,
    author = {Braunstein, Philippe},
    editor = {P.Contamine and T.Dutour and B.Schnerb},
    title = {Jehanne la Flamengue, tant pour lui que pour ses compagnes...},
    booktitle = {Commerce, Finances et Société (XI-XVIe siècles), recueil de travaux d'histoire médiévale offerts à Henri Dubois},
    publisher = {},
    location = {Paris},
    year = 1993,
    pagetotal = {5},
    language = {français},
    keywords = {melanges-crh, crh-1993}
    }

@incollection{Demonet3931-1993,
    author = {Demonet, Michel and P. Bourdelais},
    editor = {},
    title = {Rythmes et modes de formation de la population du Creusot, 1836-1876},
    booktitle = {Mesurer et comprendre},
    publisher = {},
    location = {},
    year = 1993,
    pagetotal = {20},
    language = {français},
    keywords = {melanges-crh, crh-1993}
    }

@incollection{Fauve4028-1993,
    author = {Fauve-Chamoux, Antoinette},
    editor = {},
    title = {Les femmes qui migrent au loin, 1500-1900 : vie nouvelle ou guillotine sèche ?},
    booktitle = {Mesurer et comprendre, Mélanges offerts à Jacques Dupâquier},
    publisher = {},
    location = {},
    year = 1993,
    pagetotal = {11},
    language = {français},
    keywords = {melanges-crh, crh-1993}
    }

@incollection{Godin4095-1993,
    author = {Godin, André},
    editor = {},
    title = {Jean Vitrier, traducteur des Pères},
    booktitle = {Langage et vérité},
    publisher = {},
    location = {},
    year = 1993,
    pagetotal = {14},
    language = {français},
    keywords = {melanges-crh, crh-1993}
    }

@incollection{Goldberg4106-1993,
    author = {Goldberg, Sylvie-Anne},
    editor = {G. Sed-Rajna},
    title = {De l'origine de la Hevrah qadichah : Rachi au service de la Wissenschaft des Judentums},
    booktitle = {Rashi 1040-1990, Hommage à Ephraïm E. Urbach},
    publisher = {},
    location = {},
    year = 1993,
    pagetotal = {7},
    language = {français},
    keywords = {melanges-crh, crh-1993}
    }

@incollection{Klapisch4259-1993,
    author = {Klapisch-Zuber, Christiane},
    editor = {},
    title = {Le dernier enfant. Fécondité et vieillissement chez les florentines (XIVe-XVe siècles)},
    booktitle = {Mesurer et comprendre},
    publisher = {},
    location = {},
    year = 1993,
    pagetotal = {14},
    language = {français},
    keywords = {melanges-crh, crh-1993}
    }

@incollection{LeBras4275-1993,
    author = {Le Bras, Hervé},
    editor = {},
    title = {Peut-on mesurer le renouvellement d'une population ?},
    booktitle = {Mesurer et comprendre},
    publisher = {},
    location = {},
    year = 1993,
    pagetotal = {19},
    language = {français},
    keywords = {melanges-crh, crh-1993}
    }

@incollection{LeMee4318-1993,
    author = {Le Mee, René},
    editor = {},
    title = {La population de Senlis en 1765},
    booktitle = {Mesurer et comprendre},
    publisher = {},
    location = {},
    year = 1993,
    pagetotal = {14},
    language = {français},
    keywords = {melanges-crh, crh-1993}
    }

@incollection{Vincent4730-1993,
    author = {Vincent, Bernard},
    editor = {},
    title = {Les esclaves d'Almeria (1570)},
    booktitle = {Pouvoirs et société dans l'Espagne moderne, hommage à Bartolomé Bennassar},
    publisher = {},
    location = {},
    year = 1993,
    pagetotal = {11},
    language = {français},
    keywords = {melanges-crh, crh-1993}
    }

@incollection{Lepetit190-1993,
    author = {Lepetit, Bernard},
    editor = {C. Barros},
    title = {La société comme un tout},
    booktitle = {Historia a debate, t. I, Passado y futuro,},
    publisher = {HAD},
    location = {},
    year = 1993,
    pagetotal = {},
    language = {français},
    keywords = {collectif-crh, crh-1993}
    }

@incollection{Guery872-1993,
    author = {Guery, Alain},
    editor = {A. Guéry},
    title = {Philosophie et sociologie dans l'oeuvre de Georg Simmel},
    booktitle = {A propos de Philosophie de l'argent de Georg Simmel},
    publisher = {},
    location = {Paris},
    year = 1993,
    pagetotal = {},
    language = {français},
    keywords = {collectif-crh, crh-1993}
    }

@incollection{Hemardinquer873-1993,
    author = {Hemardinquer, Jean-Jacques},
    editor = {M. Bierbach and L. Chalon},
    title = {collaboration à},
    booktitle = {Mots nouveaux contemporains},
    publisher = {},
    location = {Paris},
    year = 1993,
    pagetotal = {},
    language = {français},
    keywords = {collectif-crh, crh-1993}
    }

@incollection{Scherrer886-1993,
    author = {Scherrer, Jutta},
    editor = {?},
    title = {Religione e Chiesa in Russia en nell'ex impero sovietico},
    booktitle = {Storia d'Europa},
    publisher = {},
    location = {Turin},
    year = 1993,
    pagetotal = {},
    language = {italien},
    keywords = {collectif-crh, crh-1993}
    }

@incollection{Andreau3640-1993,
    author = {Andreau, Jean},
    editor = {J. Andreau and A. Ferdière.},
    title = {Archéologie rurale et époque romaine},
    booktitle = {Nouvelles de l'Archéologie},
    publisher = {},
    location = {},
    year = 1993,
    pagetotal = {41},
    language = {français},
    keywords = {collectif-crh, crh-1993}
    }

@incollection{Berlioz3706-1993,
    author = {Berlioz, Jacques},
    editor = {D. Alexandre-Bidon and C. Treffort},
    title = {Mors est timenda. Mort, morts et mourants dans la prédication médiévale : l'exemple de <Vvi>L'Alphabet des récits</Vvi> d'Arnold de Liège (début du XIVe siècle)},
    booktitle = {A réveiller les morts. La mort au quotidien dans l'Occident médiéval},
    publisher = {},
    location = {Lyon},
    year = 1993,
    pagetotal = {14},
    language = {français},
    keywords = {collectif-crh, crh-1993}
    }

@incollection{Berthe3710-1993,
    author = {Berthe, Jean-Pierre},
    editor = {J.P.Berthe and A.Breton and S.Lecoin},
    title = {Fray Juan de Medina Rincon, OSA, évêque du Michoacan (1574-1588) et défenseur des Indiens : essai de biographie},
    booktitle = {Vingt études sur le Mexique et le Guatémala},
    publisher = {},
    location = {Toulouse},
    year = 1993,
    pagetotal = {19},
    language = {français},
    keywords = {collectif-crh, crh-1993}
    }

@incollection{Berthe3713-1993,
    author = {Berthe, Jean-Pierre},
    editor = {M.-N Chamoux and D. Dehouve and Alii},
    title = {Taux d'intérêt, cens et dépôts en Nouvelle-Espagne},
    booktitle = {Prêter et emprunter. Pratiques de crédit au Mexique},
    publisher = {},
    location = {Paris},
    year = 1993,
    pagetotal = {28},
    language = {français},
    keywords = {collectif-crh, crh-1993}
    }

@incollection{Bourdelais3734-1993,
    author = {Bourdelais, Patrice},
    editor = {C. Corsini and P. Paolo Viazzo},
    title = {Infant Mortality in France, 1750-1950. Evaluation and Perpectives},
    booktitle = {The Decline of Infant Mortality in Europe -1800-1950- Four National Case Studies},
    publisher = {},
    location = {Florence},
    year = 1993,
    pagetotal = {19},
    language = {anglais},
    keywords = {collectif-crh, crh-1993}
    }

@incollection{Boureau3757-1993,
    author = {Boureau, Alain},
    editor = {A.Boureau and C.S.Ingerflom},
    title = {Le principe hiérarchique, obstacle à la sacralité royale en Occident ?},
    booktitle = {La royauté sacrée},
    publisher = {},
    location = {Paris},
    year = 1993,
    pagetotal = {9},
    language = {français},
    keywords = {collectif-crh, crh-1993}
    }

@incollection{Boureau3768-1993,
    author = {Boureau, Alain},
    editor = {?},
    title = {Hypothèses sur l'émergence lexicale et théorique de la catégorie de séculier au XIIe siècle},
    booktitle = {Le Clerc séculier au Moyen-Age},
    publisher = {Société des médiévistes de l'enseignement supérieur public},
    location = {Paris},
    year = 1993,
    pagetotal = {9},
    language = {français},
    keywords = {collectif-crh, crh-1993}
    }

@incollection{Boureau3769-1993,
    author = {Boureau, Alain},
    editor = {J. Chaquin and M. Préaud},
    title = {Le sabbat et la question scolastique de la personne},
    booktitle = {Le sabbat des sorciers},
    publisher = {},
    location = {},
    year = 1993,
    pagetotal = {14},
    language = {français},
    keywords = {collectif-crh, crh-1993}
    }

@incollection{Boureau3771-1993,
    author = {Boureau, Alain},
    editor = {P. Arabeyre and J. Berlioz and Ph. Poirier},
    title = {Saint-Bernard dans les légendiers},
    booktitle = {Vies et légendes de Saint Bernard},
    publisher = {},
    location = {},
    year = 1993,
    pagetotal = {7},
    language = {français},
    keywords = {collectif-crh, crh-1993}
    }

@incollection{Boureau3775-1993,
    author = {Boureau, Alain},
    editor = {J. Guillerme},
    title = {Une collection intime : les instruments de la passion dans un coeur ardent. Réflexions sur le procès de canonisation de Chiara da Montefalco},
    booktitle = {Les Collections. Fables et programmes},
    publisher = {},
    location = {Seyssel},
    year = 1993,
    pagetotal = {10},
    language = {français},
    keywords = {collectif-crh, crh-1993}
    }

@incollection{Burguiere3810-1993,
    author = {Burguiere, André},
    editor = {H.Atsma and A.Burguière},
    title = {Les liens du sang. Marc Bloch historien de la parenté},
    booktitle = {Marc Bloch aujourd'hui},
    publisher = {},
    location = {Paris},
    year = 1993,
    pagetotal = {14},
    language = {français},
    keywords = {collectif-crh, crh-1993}
    }

@incollection{Burguiere3818-1993,
    author = {Burguiere, André},
    editor = {A.Burguière and J.Revel},
    title = {Les fondements d'une culture familiale},
    booktitle = {Histoire de la France. T.4: Les formes de la culture},
    publisher = {},
    location = {Paris},
    year = 1993,
    pagetotal = {90},
    language = {français},
    keywords = {collectif-crh, crh-1993}
    }

@incollection{Burguiere3821-1993,
    author = {Burguiere, André},
    editor = {M.-T. Meulders-Klein and I. Thery},
    title = {De la famille en miettes à la famille recomposée},
    booktitle = {Les recompositions familiales aujourd'hui},
    publisher = {},
    location = {},
    year = 1993,
    pagetotal = {11},
    language = {français},
    keywords = {collectif-crh, crh-1993}
    }

@incollection{Chartier3877-1993,
    author = {Chartier, Roger},
    editor = {A. Burguière and J. Revel},
    title = {Trajectoires et tensions culturelles de l'Ancien Régime},
    booktitle = {Histoire de la France. T.4: Les formes de la culture},
    publisher = {Seuil},
    location = {Paris},
    year = 1993,
    pagetotal = {86},
    language = {français},
    keywords = {collectif-crh, crh-1993}
    }

@incollection{Chartier3878-1993,
    author = {Chartier, Roger},
    editor = {D. Hollier},
    title = {L'écriture de l'histoire à l'âge de l'absolutisme},
    booktitle = {De la littérature française},
    publisher = {},
    location = {},
    year = 1993,
    pagetotal = {6},
    language = {français},
    keywords = {collectif-crh, crh-1993}
    }

@incollection{Chartier3881-1993,
    author = {Chartier, Roger},
    editor = {M. Poulain},
    title = {Textes, imprimés, lectures},
    booktitle = {Lire en France aujourd'hui},
    publisher = {},
    location = {},
    year = 1993,
    pagetotal = {15},
    language = {français},
    keywords = {collectif-crh, crh-1993}
    }

@incollection{Chartier3882-1993,
    author = {Chartier, Roger},
    editor = {H.-G. Haupt},
    title = {La società di lettura},
    booktitle = {Luoghi quotidiani nelle storia d'Europa},
    publisher = {},
    location = {},
    year = 1993,
    pagetotal = {11},
    language = {italien},
    keywords = {collectif-crh, crh-1993}
    }

@incollection{Chartier3883-1993,
    author = {Chartier, Roger},
    editor = {H.-U. Gumbrecht and K.-L. Pfeiffer},
    title = {Macht der Scrift, Macht über die Scrift},
    booktitle = {Schrift},
    publisher = {},
    location = {},
    year = 1993,
    pagetotal = {10},
    language = {allemand},
    keywords = {collectif-crh, crh-1993}
    }

@incollection{Dakhlia3909-1993,
    author = {Dakhlia, Jocelyne},
    editor = {H. Elboudrari},
    title = {De la sainteté universelle au modèle 'maraboutique': hagiographie et parenté dans une société maghrébine},
    booktitle = {Modes de transmission de la culture religieuse dans l'Islam},
    publisher = {},
    location = {},
    year = 1993,
    pagetotal = {18},
    language = {français},
    keywords = {collectif-crh, crh-1993}
    }

@incollection{Debert3915-1993,
    author = {Debert, Aline},
    editor = {B. Ardura},
    title = {Collaboration à},
    booktitle = {Abbayes, prieurés et monastères de l'ordre de Prémontré des origines à nos jours. Dictionnaire historique et bibliographique},
    publisher = {},
    location = {},
    year = 1993,
    pagetotal = {},
    language = {français},
    keywords = {collectif-crh, crh-1993}
    }

@incollection{Delille3923-1993,
    author = {Delille, Gérard},
    editor = {?},
    title = {Migrations internes et mobilité sociale dans le Royaume de Naples (XVe-XIXe siècles)},
    booktitle = {Migraciones internas y medium-distance en Europa},
    publisher = {},
    location = {Saint-Jacques de Compostelle},
    year = 1993,
    pagetotal = {14},
    language = {français},
    keywords = {collectif-crh, crh-1993}
    }

@incollection{Depeyrot3957-1993,
    author = {Depeyrot, Georges},
    editor = {Cl. Domergue},
    title = {Les monnaies du domaine des Forges (Les Martys, Aude), 1er siècle av. J.-C. - IIIe siècle ap. J.-C.},
    booktitle = {Un centre sidérurgique romain de la Montagne Noire, Le Domaine des Forges (Les Martys, Aude)},
    publisher = {},
    location = {},
    year = 1993,
    pagetotal = {8},
    language = {français},
    keywords = {collectif-crh, crh-1993}
    }

@incollection{Dewerpe3985-1993,
    author = {Dewerpe, Alain},
    editor = {S. Schweitzer},
    title = {Conventions patronales. L'impératif de justification dans les politiques sociales des patronats français (1800-1936)},
    booktitle = {Logiques d'entreprises et politiques sociales},
    publisher = {},
    location = {},
    year = 1993,
    pagetotal = {44},
    language = {français},
    keywords = {collectif-crh, crh-1993}
    }

@incollection{Elboudrari3999-1993,
    author = {Elboudrari, Hassan},
    editor = {Hassan Elboudrari},
    title = {Allégeance, ordre et constance. L'éthique d'un saint et fondateur maghrébin},
    booktitle = {Modes de transmission},
    publisher = {},
    location = {Le Caire},
    year = 1993,
    pagetotal = {30},
    language = {français},
    keywords = {collectif-crh, crh-1993}
    }

@incollection{Elboudrari4000-1993,
    author = {Elboudrari, Hassan},
    editor = {H. Elboudrari.},
    title = {Normes juridiques et pratiques sociales dans le monde musulman},
    booktitle = {Annales Islamologiques},
    publisher = {},
    location = {},
    year = 1993,
    pagetotal = {},
    language = {français},
    keywords = {collectif-crh, crh-1993}
    }

@incollection{Fauve4029-1993,
    author = {Fauve-Chamoux, Antoinette},
    editor = {?},
    title = {Societa rurale e comportamento demografico differenziale : il caso della Francia (secoli XVII-XVIII)},
    booktitle = {Popolazione delle campagne italiane in eta moderna},
    publisher = {},
    location = {Bologne},
    year = 1993,
    pagetotal = {23},
    language = {italien},
    keywords = {collectif-crh, crh-1993}
    }

@incollection{Fridenson4069-1993,
    author = {Fridenson, Patrick},
    editor = {J. Kocka and A. Mitchell},
    title = {Authority Relations in German and French Enterprises, 1880-1914},
    booktitle = {Bourgeois Society in Nineteenth-Century Europe},
    publisher = {},
    location = {},
    year = 1993,
    pagetotal = {24},
    language = {anglais},
    keywords = {collectif-crh, crh-1993}
    }

@incollection{Fridenson4070-1993,
    author = {Fridenson, Patrick},
    editor = {R. Girault and M. Lévy-Leboyer},
    title = {L'industrie automobile française et le plan Marshall},
    booktitle = {Le plan Marshall et le relèvement économique de l'Europe},
    publisher = {},
    location = {},
    year = 1993,
    pagetotal = {7},
    language = {français},
    keywords = {collectif-crh, crh-1993}
    }

@incollection{Fridenson4071-1993,
    author = {Fridenson, Patrick},
    editor = {M. Aglietta and C. De Boissieu and M. Lévy-Leboyer and A. Plessis},
    title = {Renault face au problème du franc et du risque devises (1957-1980)},
    booktitle = {Du franc Poincaré à l'écu},
    publisher = {},
    location = {},
    year = 1993,
    pagetotal = {10},
    language = {français},
    keywords = {collectif-crh, crh-1993}
    }

@incollection{Fridenson4073-1993,
    author = {Fridenson, Patrick},
    editor = {J.-Y. Boulin and G. Cette and D. Taddei},
    title = {Le temps de travail, enjeu de luttes sociales},
    booktitle = {Le temps de travail,},
    publisher = {},
    location = {},
    year = 1993,
    pagetotal = {},
    language = {français},
    keywords = {collectif-crh, crh-1993}
    }

@incollection{Fridenson4074-1993,
    author = {Fridenson, Patrick},
    editor = {R. Frank},
    title = {Histoire du temps présent et sociologie : réponse à Alain Touraine},
    booktitle = {Ecrire l'histoire du temps présent},
    publisher = {},
    location = {},
    year = 1993,
    pagetotal = {6},
    language = {français},
    keywords = {collectif-crh, crh-1993}
    }

@incollection{Goldberg4107-1993,
    author = {Goldberg, Sylvie-Anne},
    editor = {F. Alvarez-Pereyre},
    title = {Les 'Etudes juives', héritage scientifique ou legs mémorial ?},
    booktitle = {Milieux et mémoire},
    publisher = {},
    location = {},
    year = 1993,
    pagetotal = {19},
    language = {français},
    keywords = {collectif-crh, crh-1993}
    }

@incollection{Goubert4114-1993,
    author = {Goubert, Jean-Pierre},
    editor = {E. Malet},
    title = {Santé publique et libertés individuelles : un historique},
    booktitle = {Santé publique et libertés individuelles},
    publisher = {},
    location = {},
    year = 1993,
    pagetotal = {4},
    language = {français},
    keywords = {collectif-crh, crh-1993}
    }

@incollection{Goubert4115-1993,
    author = {Goubert, Jean-Pierre},
    editor = {?},
    title = {Un corpo medico a due velocita : il caso della Francia nel XVIII secolo},
    booktitle = {L'Arte diguarire. Aspetti della professione medica tra medioevo ed eta Contemporanea},
    publisher = {},
    location = {Bologne},
    year = 1993,
    pagetotal = {10},
    language = {italien},
    keywords = {collectif-crh, crh-1993}
    }

@incollection{Green4132-1993,
    author = {Green, Nancy},
    editor = {D. Hoerder and H. Rössler},
    title = {Paris : City of Light and Shadow},
    booktitle = {Distant Magnets : Expectations and Realities in the Immigrant Experience, 1840-1930},
    publisher = {},
    location = {},
    year = 1993,
    pagetotal = {18},
    language = {anglais},
    keywords = {collectif-crh, crh-1993}
    }

@incollection{Green4133-1993,
    author = {Green, Nancy},
    editor = {Jack Wertheimer},
    title = {The Modern Jewish Expérience (France) - Sample Syllabus},
    booktitle = {The Modern Jewish Experience, A Reader's Guide},
    publisher = {},
    location = {},
    year = 1993,
    pagetotal = {4},
    language = {anglais},
    keywords = {collectif-crh, crh-1993}
    }

@incollection{Grenier4139-1993,
    author = {Grenier, Jean-Yves},
    editor = {B. Lepetit and D. Pumain},
    title = {Démontrer avec les modèles d'auto-organisation des villes},
    booktitle = {Temporalités urbaines},
    publisher = {},
    location = {},
    year = 1993,
    pagetotal = {26},
    language = {français},
    keywords = {collectif-crh, crh-1993}
    }

@incollection{Grenier4140-1993,
    author = {Grenier, Jean-Yves},
    editor = {?},
    title = {La méthode historique de Georg Simmel},
    booktitle = {A propos de Philosophie de l'argent de Georg Simmel},
    publisher = {},
    location = {Paris},
    year = 1993,
    pagetotal = {45},
    language = {français},
    keywords = {collectif-crh, crh-1993}
    }

@incollection{Gribaudi4144-1993,
    author = {Gribaudi, Maurizio and A. Mogoutov},
    editor = {K. Shurer and H. Diedericks},
    title = {Social stratification and complex systems: a model for the analysis of relational data},
    booktitle = {The Use of Occupations in Historical Analysis},
    publisher = {},
    location = {Göttingen},
    year = 1993,
    pagetotal = {37},
    language = {anglais},
    keywords = {collectif-crh, crh-1993}
    }

@incollection{Grinberg4147-1993,
    author = {Grinberg, Martine},
    editor = {?},
    title = {Simmel et le lien social},
    booktitle = {A propos de Philosophie de l'argent de Georg Simmel},
    publisher = {},
    location = {Paris},
    year = 1993,
    pagetotal = {14},
    language = {français},
    keywords = {collectif-crh, crh-1993}
    }

@incollection{Grinberg4148-1993,
    author = {Grinberg, Martine},
    editor = {O. Niccoli},
    title = {L'Episcopus puerorum},
    booktitle = {Infanzie},
    publisher = {},
    location = {Florence},
    year = 1993,
    pagetotal = {15},
    language = {italien},
    keywords = {collectif-crh, crh-1993}
    }

@incollection{Guelle4155-1993,
    author = {Guelle, Françoise},
    editor = {M. Humbert},
    title = {Risks and Opportunities from Japanese Direct Investment : the French Case},
    booktitle = {The Impact of Globalisation on Europe's Firms and Industries},
    publisher = {},
    location = {},
    year = 1993,
    pagetotal = {6},
    language = {anglais},
    keywords = {collectif-crh, crh-1993}
    }

@incollection{Guelle4156-1993,
    author = {Guelle, Françoise},
    editor = {?},
    title = {Sidérurgie mondiale : de l'euphorie à la crise},
    booktitle = {Stratégies industrielles mondiales, vers de nouvelles donnes},
    publisher = {},
    location = {Paris},
    year = 1993,
    pagetotal = {30},
    language = {français},
    keywords = {collectif-crh, crh-1993}
    }

@incollection{Guerreau4170-1993,
    author = {Guerreau, Alain},
    editor = {Y. Bessmertni},
    title = {Les Annales et le problème de la dynamique du système féodal},
    booktitle = {Spori o glavnom},
    publisher = {},
    location = {},
    year = 1993,
    pagetotal = {8},
    language = {français},
    keywords = {collectif-crh, crh-1993}
    }

@incollection{Guerreau4171-1993,
    author = {Guerreau, Alain},
    editor = {P. Arabeyre and J. Berlioz and P. Poirrier},
    title = {Quelques remarques statistiques sur le corpus des exempla bernardiniens},
    booktitle = {Vies et légendes de saint-Bernard de Clairvaux},
    publisher = {},
    location = {},
    year = 1993,
    pagetotal = {11},
    language = {français},
    keywords = {collectif-crh, crh-1993}
    }

@incollection{Guery4177-1993,
    author = {Guery, Alain},
    editor = {A.Guéry},
    title = {A propos de Philosophie de l'argent, de Georg Simmel},
    booktitle = {Philosophie et sociologie dans l'œuvre de Georg Simmel},
    publisher = {},
    location = {Paris},
    year = 1993,
    pagetotal = {15},
    language = {français},
    keywords = {collectif-crh, crh-1993}
    }

@incollection{Hartog4186-1993,
    author = {Hartog, François and G. Lenclud},
    editor = {A. Dutu and N. Dodille},
    title = {Régimes d'historicité},
    booktitle = {L'état des lieux en sciences sociales},
    publisher = {},
    location = {},
    year = 1993,
    pagetotal = {},
    language = {français},
    keywords = {collectif-crh, crh-1993}
    }

@incollection{Jorland4197-1993,
    author = {Jorland, Gérard},
    editor = {G.Jorland},
    title = {De la coupe aux lèvres},
    booktitle = {Des technologies pour demain},
    publisher = {},
    location = {Paris},
    year = 1993,
    pagetotal = {20},
    language = {français},
    keywords = {collectif-crh, crh-1993}
    }

@incollection{Julia4223-1993,
    author = {Julia, Dominique and W. Frijhoff},
    editor = {J. Ehrard},
    title = {Les Oratoriens et l'espace éducatif français du règne de Louis XIV à la Révolution française},
    booktitle = {Le Collège de Riom et l'enseignement oratorien en France au XVIIIe siècle},
    publisher = {},
    location = {},
    year = 1993,
    pagetotal = {17},
    language = {français},
    keywords = {collectif-crh, crh-1993}
    }

@incollection{Julia4224-1993,
    author = {Julia, Dominique},
    editor = {J.Ehrard},
    title = {Entre sacré et savoir : l'Oratoire au XVIIIe siècle},
    booktitle = {Le Collège de Riom et l'enseignement oratorien en France au XVIIIe siècle},
    publisher = {},
    location = {Paris/Oxford},
    year = 1993,
    pagetotal = {58},
    language = {français},
    keywords = {collectif-crh, crh-1993}
    }

@incollection{Julia4225-1993,
    author = {Julia, Dominique},
    editor = {B. Fraenkel},
    title = {Figures de l'illettré en France à l'époque moderne},
    booktitle = {Illetrisme. Variations historiques et anthropologiques},
    publisher = {},
    location = {},
    year = 1993,
    pagetotal = {29},
    language = {français},
    keywords = {collectif-crh, crh-1993}
    }

@incollection{Julia4226-1993,
    author = {Julia, Dominique},
    editor = {H.-G. Haupt},
    title = {Le Università},
    booktitle = {Luoghi quotidiani nella storia d'Europa},
    publisher = {},
    location = {},
    year = 1993,
    pagetotal = {13},
    language = {italien},
    keywords = {collectif-crh, crh-1993}
    }

@incollection{Julliard4235-1993,
    author = {Julliard, Jacques},
    editor = {J.Bidet and J.Texier},
    title = {La Réparation des clercs},
    booktitle = {Fin du communisme? Actualité du marxisme},
    publisher = {},
    location = {Paris},
    year = 1993,
    pagetotal = {9},
    language = {français},
    keywords = {collectif-crh, crh-1993}
    }

@incollection{Julliard4239-1993,
    author = {Julliard, Jacques},
    editor = {J. Jennings},
    title = {The Intellectuel, the Historian and the Journalist},
    booktitle = {Intellectuals in Twentieth Century France},
    publisher = {},
    location = {Londres},
    year = 1993,
    pagetotal = {10},
    language = {anglais},
    keywords = {collectif-crh, crh-1993}
    }

@incollection{LeBras4266-1993,
    author = {Le Bras, Hervé},
    editor = {A.Boureau and D.Milo},
    title = {Glückel Hameln, une paysanne de l'Allemagne du Nord},
    booktitle = {Alter Histoire},
    publisher = {},
    location = {Paris},
    year = 1993,
    pagetotal = {17},
    language = {français},
    keywords = {collectif-crh, crh-1993}
    }

@incollection{LeBras4277-1993,
    author = {Le Bras, Hervé and S. Adametz},
    editor = {M. Foucher and J.-Y. Potel},
    title = {Hésitations migratoires à l'est},
    booktitle = {Le continent retrouvé},
    publisher = {},
    location = {},
    year = 1993,
    pagetotal = {13},
    language = {français},
    keywords = {collectif-crh, crh-1993}
    }

@incollection{LeBras4282-1993,
    author = {Le Bras, Hervé},
    editor = {D. Reher and R. Schofield},
    title = {Simulation of Change to Validate Demographic Analysis},
    booktitle = {Old and New Methods in Historical Demography},
    publisher = {},
    location = {},
    year = 1993,
    pagetotal = {22},
    language = {anglais},
    keywords = {collectif-crh, crh-1993}
    }

@incollection{LeBras4283-1993,
    author = {Le Bras, Hervé},
    editor = {P. Anderson and Alii},
    title = {La popolazione},
    booktitle = {Storia d'Europa},
    publisher = {},
    location = {Turin},
    year = 1993,
    pagetotal = {59},
    language = {italien},
    keywords = {collectif-crh, crh-1993}
    }

@incollection{Pezerat4285-1993,
    author = {Pezerat-Lebrun, Pierrette},
    editor = {R.Chartier},
    title = {La lettre au journal. Les employés des postes comme épistoliers},
    booktitle = {La correspondance. Les usages de la lettre au XIXe siècle},
    publisher = {Fayard},
    location = {Paris},
    year = 1993,
    pagetotal = {23},
    language = {français},
    keywords = {collectif-crh, crh-1993}
    }

@incollection{Lemay4312-1993,
    author = {Lemay, Edna},
    editor = {?},
    title = {La dimension européenne de la révolution de 1789 vue à travers la transmission des nouvelles de la Constituante vers l'ouest de la France},
    booktitle = {Voix d'Ouest en Europe, Souffles d'Europe en Ouest},
    publisher = {},
    location = {Angers},
    year = 1993,
    pagetotal = {15},
    language = {français},
    keywords = {collectif-crh, crh-1993}
    }

@incollection{Lepetit4330-1993,
    author = {Lepetit, Bernard},
    editor = {I. Mieck},
    title = {Frankreich 1750-1850},
    booktitle = {Handbuch der Europaischen Wirtschafts und Sozialgeschichte},
    publisher = {},
    location = {},
    year = 1993,
    pagetotal = {28},
    language = {allemand},
    keywords = {collectif-crh, crh-1993}
    }

@incollection{Lepetit4331-1993,
    author = {Lepetit, Bernard},
    editor = {A. Tortolero},
    title = {La historia cuantitativa : dos o tres cosas que sé de ella},
    booktitle = {Estudios Historicos},
    publisher = {},
    location = {Mexico},
    year = 1993,
    pagetotal = {16},
    language = {espagnol},
    keywords = {collectif-crh, crh-1993}
    }

@incollection{Lepetit4335-1993,
    author = {Lepetit, Bernard},
    editor = {B.Lepetit and D.Pumain},
    title = {Une herméneutique urbaine est-elle possible ?},
    booktitle = {Temporalités urbaines},
    publisher = {},
    location = {Paris},
    year = 1993,
    pagetotal = {7},
    language = {français},
    keywords = {collectif-crh, crh-1993}
    }

@incollection{Lepetit4336-1993,
    author = {Lepetit, Bernard and J.-L. Pinol},
    editor = {R. Rodger},
    title = {Urban History : France},
    booktitle = {European Prospect and Retrospect},
    publisher = {},
    location = {},
    year = 1993,
    pagetotal = {33},
    language = {anglais},
    keywords = {collectif-crh, crh-1993}
    }

@incollection{Lepetit4337-1993,
    author = {Lepetit, Bernard},
    editor = {A.Dutu and . Dodille},
    title = {Les Annales aujourd'hui},
    booktitle = {L'état des lieux en sciences sociales},
    publisher = {},
    location = {Paris},
    year = 1993,
    pagetotal = {52},
    language = {français},
    keywords = {collectif-crh, crh-1993}
    }

@incollection{Lepetit4343-1993,
    author = {Lepetit, Bernard},
    editor = {?},
    title = {Les temps des villes. Bilan d'un programme de recherche},
    booktitle = {Mutations économiques et urbanisation. Cinq ans de recherche et d'expérimentation},
    publisher = {},
    location = {Paris},
    year = 1993,
    pagetotal = {26},
    language = {français},
    keywords = {collectif-crh, crh-1993}
    }

@incollection{Mane4358-1993,
    author = {Mane, Perrine},
    editor = {?},
    title = {Le travail de la vigne et du vin en pays méditerranéen au Moyen-Age},
    booktitle = {Le vin au Moyen-Age dans le bassin méditerranéen},
    publisher = {},
    location = {},
    year = 1993,
    pagetotal = {21},
    language = {français},
    keywords = {collectif-crh, crh-1993}
    }

@incollection{Martin4364-1993,
    author = {Martin-Fugier, Anne},
    editor = {M. Aymard and Cl. Grignon},
    title = {Les repas dans l'horaire quotidien des ménages à Paris au XIXe siècle},
    booktitle = {Le temps de manger. Alimentation, emploi du temps et rythmes sociaux},
    publisher = {},
    location = {},
    year = 1993,
    pagetotal = {},
    language = {français},
    keywords = {collectif-crh, crh-1993}
    }

@incollection{Mouradian4375-1993,
    author = {Mouradian, Claire and M.-H. Mandrillon},
    editor = {M. Ferro},
    title = {L'Arménie},
    booktitle = {l'Etat de toutes les Russies - Les Etats et les nations de l'ex-URSS},
    publisher = {},
    location = {},
    year = 1993,
    pagetotal = {10},
    language = {français},
    keywords = {collectif-crh, crh-1993}
    }

@incollection{Ozouf4391-1993,
    author = {Ozouf, Mona},
    editor = {?},
    title = {Entre l'esprit des Lumières et la lettre positiviste : les républicains sous l'Empire},
    booktitle = {Le siècle de l'avènement républicain},
    publisher = {},
    location = {Paris},
    year = 1993,
    pagetotal = {26},
    language = {français},
    keywords = {collectif-crh, crh-1993}
    }

@incollection{Piponnier4422-1993,
    author = {Piponnier, Françoise},
    editor = {?},
    title = {L'équipement des boulangers bourguignons à la fin du Moyen-Age},
    booktitle = {La préparation alimentaire des céréales},
    publisher = {PACT 26},
    location = {},
    year = 1993,
    pagetotal = {15},
    language = {français},
    keywords = {collectif-crh, crh-1993}
    }

@incollection{Piponnier4423-1993,
    author = {Piponnier, Françoise},
    editor = {?},
    title = {Iconographie et sources écrites à l'épreuve de l'archéologie, recherches sur le castrum d'Essertines},
    booktitle = {Villages et villageois au Moyen-Age},
    publisher = {},
    location = {Paris},
    year = 1993,
    pagetotal = {14},
    language = {français},
    keywords = {collectif-crh, crh-1993}
    }

@incollection{Piponnier4424-1993,
    author = {Piponnier, Françoise},
    editor = {?},
    title = {Usages et diffusion de la soie en France au Moyen-Age},
    booktitle = {La seta in Europa, secc. XIII-XX},
    publisher = {},
    location = {Florence},
    year = 1993,
    pagetotal = {16},
    language = {français},
    keywords = {collectif-crh, crh-1993}
    }

@incollection{PoloDeBeaulieu4440-1993,
    author = {Polo De Beaulieu, Marie-Anne},
    editor = {D. Alexandre-Bidon and C. Treffort},
    title = {Le De Spiritu Guidonis ou comment apprivoiser un revenant},
    booktitle = {A réveiller les morts. La mort au quotidien dans l'Occident médiéval},
    publisher = {},
    location = {Lyon},
    year = 1993,
    pagetotal = {16},
    language = {français},
    keywords = {collectif-crh, crh-1993}
    }

@incollection{Pomian4449-1993,
    author = {Pomian, Krzysztof},
    editor = {K.Pomian},
    title = {Le déterminisme : histoire d'une problématique},
    booktitle = {La querelle du déterminisme},
    publisher = {},
    location = {Paris},
    year = 1993,
    pagetotal = {48},
    language = {français},
    keywords = {collectif-crh, crh-1993}
    }

@incollection{Pomian4474-1993,
    author = {Pomian, Krzysztof},
    editor = {A.F.Laurens and K.Pomian},
    title = {Les deux pôles de la curiosité antiquaire},
    booktitle = {L'anticomanie. La collection d'antiquités aux XVIIIe et XIXe siècles},
    publisher = {},
    location = {Paris},
    year = 1993,
    pagetotal = {10},
    language = {français},
    keywords = {collectif-crh, crh-1993}
    }

@incollection{Pomian4480-1993,
    author = {Pomian, Krzysztof},
    editor = {P. Bjurström},
    title = {De la collection particulière au musée d'art},
    booktitle = {The Genesis of the Art Museum in the 18 th Century},
    publisher = {},
    location = {},
    year = 1993,
    pagetotal = {19},
    language = {français},
    keywords = {collectif-crh, crh-1993}
    }

@incollection{Poublan4490-1993,
    author = {Poublan, Danièle},
    editor = {R.Chartier},
    title = {Affaires et passions. Des lettres parisiennes au milieu du XIXe siècle},
    booktitle = {La correspondance. Les usages de la lettre au XIXe siècle},
    publisher = {Fayard},
    location = {Paris},
    year = 1993,
    pagetotal = {34},
    language = {français},
    keywords = {collectif-crh, crh-1993}
    }

@incollection{Prochasson4504-1993,
    author = {Prochasson, Christophe},
    editor = {M. Winock},
    title = {Les années 1880 : au temps du boulangisme},
    booktitle = {Histoire de l'extrême droite en France},
    publisher = {},
    location = {},
    year = 1993,
    pagetotal = {32},
    language = {français},
    keywords = {collectif-crh, crh-1993}
    }

@incollection{Prochasson4505-1993,
    author = {Prochasson, Christophe},
    editor = {J. Jennings},
    title = {Intellectuals as Actors : Image and Reality},
    booktitle = {Intellectuals in Twentieth-Century France. Mandarins and Samurais},
    publisher = {},
    location = {},
    year = 1993,
    pagetotal = {23},
    language = {anglais},
    keywords = {collectif-crh, crh-1993}
    }

@incollection{Prochasson4506-1993,
    author = {Prochasson, Christophe},
    editor = {A. Burguière and J. Revel},
    title = {De la culture des foules à la culture de masse},
    booktitle = {Histoire de la France. T.4: Les formes de la culture},
    publisher = {Seuil},
    location = {Paris},
    year = 1993,
    pagetotal = {35},
    language = {français},
    keywords = {collectif-crh, crh-1993}
    }

@incollection{Ribaucourt4538-1993,
    author = {Ribaucourt, Colette and J. Berlioz},
    editor = {D. Alexandre-Bidon and C. Treffort},
    title = {Mors est timenda : Mort, Morts et mourants dans la prédication médiévale : l'exemple de l'Alphabet des récits d'Arnold de Liège (début du XIVe siècle)},
    booktitle = {A réveiller les morts. La mort au quotidien dans l'Occident médiéval},
    publisher = {},
    location = {Lyon},
    year = 1993,
    pagetotal = {14},
    language = {français},
    keywords = {collectif-crh, crh-1993}
    }

@incollection{Rucquoi4548-1993,
    author = {Rucquoi, Adeline},
    editor = {?},
    title = {La formation culturelle du clergé en Castille à la fin du Moyen-Age},
    booktitle = {Le clerc séculier au Moyen-Age},
    publisher = {},
    location = {Paris},
    year = 1993,
    pagetotal = {14},
    language = {français},
    keywords = {collectif-crh, crh-1993}
    }

@incollection{Rucquoi4549-1993,
    author = {Rucquoi, Adeline},
    editor = {C. Gonzalez Minguez},
    title = {Historia cultural},
    booktitle = {La otra historia : Sociedad, Cultura y Mentalidades},
    publisher = {},
    location = {Bilbao},
    year = 1993,
    pagetotal = {22},
    language = {espagnol},
    keywords = {collectif-crh, crh-1993}
    }

@incollection{Scherrer4570-1993,
    author = {Scherrer, Jutta},
    editor = {?},
    title = {Nikolaj Berdjajew},
    booktitle = {Revision. Denker des 20, Jahrunderts auf dem Prüfstand},
    publisher = {},
    location = {Hildesheim},
    year = 1993,
    pagetotal = {8},
    language = {allemand},
    keywords = {collectif-crh, crh-1993}
    }

@incollection{Schmitt4597-1993,
    author = {Schmitt, Jean-Claude},
    editor = {A. Thursz and Y. Souteyrand and R. Salmi},
    title = {Pour une histoire de l'adolescence : le cas du Moyen-Age},
    booktitle = {Adolescence et risque},
    publisher = {},
    location = {},
    year = 1993,
    pagetotal = {8},
    language = {français},
    keywords = {collectif-crh, crh-1993}
    }

@incollection{Schmitt4598-1993,
    author = {Schmitt, Jean-Claude},
    editor = {J. Bremmer and H. Roodenburg},
    title = {De rol van gebaren in het Westen van de derde tot de dertiende eeuw},
    booktitle = {Gebaren en lichaamshouding van de oudheid tot heden},
    publisher = {},
    location = {Nimègue},
    year = 1993,
    pagetotal = {14},
    language = {hollandais},
    keywords = {collectif-crh, crh-1993}
    }

@incollection{Schmitt4600-1993,
    author = {Schmitt, Jean-Claude},
    editor = {D. Alexandre-Bidon and C. Treffort},
    title = {Les images de revenants},
    booktitle = {A réveiller les morts. La mort au quotidien dans l'Occident médiévale},
    publisher = {},
    location = {Lyon},
    year = 1993,
    pagetotal = {7},
    language = {français},
    keywords = {collectif-crh, crh-1993}
    }

@incollection{Schnapper4623-1993,
    author = {Schnapper, Dominique},
    editor = {?},
    title = {La nation française et la construction européenne},
    booktitle = {Droit et politique de la nationalité en France},
    publisher = {},
    location = {Aix-en-Provence},
    year = 1993,
    pagetotal = {7},
    language = {français},
    keywords = {collectif-crh, crh-1993}
    }

@incollection{Sigaut4651-1993,
    author = {Sigaut, François},
    editor = {H. Cheape},
    title = {Moissons sans faucilles en Europe},
    booktitle = {Tools and Traditions},
    publisher = {},
    location = {},
    year = 1993,
    pagetotal = {8},
    language = {français},
    keywords = {collectif-crh, crh-1993}
    }

@incollection{Sigaut4652-1993,
    author = {Sigaut, François},
    editor = {J. Muchnik},
    title = {Le pain, histoire alimentaire, histoire technique},
    booktitle = {Alimentation, techniques et innovations dans les régions tropicales},
    publisher = {},
    location = {},
    year = 1993,
    pagetotal = {21},
    language = {français},
    keywords = {collectif-crh, crh-1993}
    }

@incollection{Sigaut4654-1993,
    author = {Sigaut, François},
    editor = {A. Berthelet and J. Chavaillon},
    title = {How can We Analyse and Describe Technical Actions ?},
    booktitle = {The Use of Tools by Human and Non-Human Primates},
    publisher = {},
    location = {},
    year = 1993,
    pagetotal = {17},
    language = {anglais},
    keywords = {collectif-crh, crh-1993}
    }

@incollection{Sigaut4655-1993,
    author = {Sigaut, François},
    editor = {M. Aymard and C. Grignon and F. Sabban},
    title = {Alimentation et rythmes sociaux : nature, culture et économie},
    booktitle = {Le temps de manger},
    publisher = {},
    location = {},
    year = 1993,
    pagetotal = {13},
    language = {français},
    keywords = {collectif-crh, crh-1993}
    }

@incollection{Sigaut4656-1993,
    author = {Sigaut, François},
    editor = {C. Floret and G. Serpantié},
    title = {Le jachère dans les agricultures précontemporaines de l'Europe},
    booktitle = {La jachère en Afrique de l'Ouest},
    publisher = {},
    location = {},
    year = 1993,
    pagetotal = {11},
    language = {français},
    keywords = {collectif-crh, crh-1993}
    }

@incollection{Tenenti4668-1993,
    author = {Tenenti, Alberto},
    editor = {?},
    title = {Lucien Febvre},
    booktitle = {Novecento filosofico e scientifico},
    publisher = {},
    location = {Milan},
    year = 1993,
    pagetotal = {23},
    language = {italien},
    keywords = {collectif-crh, crh-1993}
    }

@incollection{Tenenti4671-1993,
    author = {Tenenti, Alberto},
    editor = {?},
    title = {L'assicurazione maritima},
    booktitle = {Storia di Venezia, t.XII: Il mare},
    publisher = {},
    location = {Rome},
    year = 1993,
    pagetotal = {24},
    language = {italien},
    keywords = {collectif-crh, crh-1993}
    }

@incollection{Tenenti4683-1993,
    author = {Tenenti, Alberto},
    editor = {?},
    title = {I Francesi in Brasile intorno alla meta del Cinquecento},
    booktitle = {La scoperta colombiana e la cultura europea contemporanea},
    publisher = {},
    location = {Palerme},
    year = 1993,
    pagetotal = {19},
    language = {italien},
    keywords = {collectif-crh, crh-1993}
    }

@incollection{Valensi4697-1993,
    author = {Valensi, Lucette},
    editor = {H. Elboudrari},
    title = {Le jardin de l'Académie, ou comment se forme une école de pensée},
    booktitle = {Modes de transmission de la culture religieuse en Islam},
    publisher = {},
    location = {},
    year = 1993,
    pagetotal = {24},
    language = {français},
    keywords = {collectif-crh, crh-1993}
    }

@incollection{Velay4709-1993,
    author = {Velay-Vallantin, Catherine},
    editor = {?},
    title = {Le conte franco-canadien entre écrit et oral : un exemple, La fille aux mains coupées},
    booktitle = {L'Oeuvre de Germain Lemieux. Bilan de l'ethnologie en Ontario français},
    publisher = {},
    location = {Sudbury},
    year = 1993,
    pagetotal = {20},
    language = {français},
    keywords = {collectif-crh, crh-1993}
    }

@incollection{Vincent4726-1993,
    author = {Vincent, Bernard},
    editor = {M.-A. Ladero Quesada},
    title = {De la Granada mudejar a la Granada europea},
    booktitle = {La incorporacion de Granada a la Corona de Castilla},
    publisher = {},
    location = {},
    year = 1993,
    pagetotal = {13},
    language = {espagnol},
    keywords = {collectif-crh, crh-1993}
    }

@incollection{Vincent4727-1993,
    author = {Vincent, Bernard},
    editor = {E. Lorenzo Sanz},
    title = {Los moriscos y los idiomas arabe, castellano y catalan},
    booktitle = {Proyeccio historica de Espana en sus tres culturas : Castille y Leon, America y el Mediterraneo},
    publisher = {},
    location = {},
    year = 1993,
    pagetotal = {10},
    language = {espagnol},
    keywords = {collectif-crh, crh-1993}
    }

@incollection{Vincent4728-1993,
    author = {Vincent, Bernard},
    editor = {J.-F. Schaub},
    title = {Les rois catholiques, le royaume de Grenade et la construction de l'Etat},
    booktitle = {Recherches sur l'histoire de l'Etat dans le monde ibérique (15e-20e siècles)},
    publisher = {},
    location = {},
    year = 1993,
    pagetotal = {8},
    language = {français},
    keywords = {collectif-crh, crh-1993}
    }

@incollection{Vincent4729-1993,
    author = {Vincent, Bernard},
    editor = {?},
    title = {Rôle de l'Espagne aux XVe-XVIe siècles},
    booktitle = {1492, le choc de deux mondes},
    publisher = {},
    location = {Paris-Genève},
    year = 1993,
    pagetotal = {8},
    language = {français},
    keywords = {collectif-crh, crh-1993}
    }

@incollection{Schnapper4620-1993,
    author = {Schnapper, Dominique},
    editor = {B.Lewis and D.Schnapper},
    title = {Conclusion : communautés, minorités ethniques et citoyens musulmans},
    booktitle = {Musulmans en Europe},
    publisher = {},
    location = {Poitiers},
    year = 1993,
    pagetotal = {19},
    language = {français},
    keywords = {intro-book-crh, crh-1993}
    }

@article{Revel4533-1993,
    author = {Revel, Jacques and P.-M. Menger},
    title = {Présentation},
    journal = {Annales E.S.C.},
    year = 1993,
    language = {français},
    keywords = {intro-journal-crh, crh-1993}
    }

@article{Revel4534-1993,
    author = {Revel, Jacques and P.-M. Menger},
    title = {Mondes de l'art},
    journal = {Annales E.S.C.},
    year = 1993,
    language = {français},
    keywords = {intro-journal-crh, crh-1993}
    }

@incollection{Boureau3770-1993,
    author = {Boureau, Alain},
    editor = {},
    title = {Deux agitateurs, préface},
    booktitle = {Arnaud de Brescia},
    publisher = {},
    location = {Paris},
    year = 1993,
    pagetotal = {10},
    language = {français},
    keywords = {preface-book-crh, crh-1993}
    }

@book{Bergeron3689-1993,
    author = {Bergeron, Louis},
    title = {De l'industrie française'},
    publisher = {},
    series = {},
    location = {},
    year = 1993,
    pagetotal = {},
    language = {français},
    % addendum = {réédition de Chaptal, 'De l'industrie française'},
    keywords = {edition-txt-crh, crh-1993}
    }

@book{Bonnain3718-1993,
    author = {Bonnain, Rolande},
    title = {Traditions et coutumes des Hautes Pyrénées},
    publisher = {},
    series = {},
    location = {Tarbes},
    year = 1993,
    pagetotal = {9},
    language = {français},
    % addendum = {Norbert Rosapelly, un chercheur bigourdan. Introduction à la réédition},
    keywords = {edition-txt-crh, crh-1993}
    }

@book{Chartier3887-1993,
    author = {Chartier, Roger},
    title = {Engagement et distanciation. Contributions à la sociologie de la connaissance},
    publisher = {},
    series = {},
    location = {Paris},
    year = 1993,
    pagetotal = {10},
    language = {français},
    % addendum = {Double lien et distanciation},
    keywords = {edition-txt-crh, crh-1993}
    }

@book{Chartier3888-1993,
    author = {Chartier, Roger},
    title = {Essais de mémoire (1943-1983)},
    publisher = {},
    series = {},
    location = {Paris},
    year = 1993,
    pagetotal = {18},
    language = {français},
    % addendum = {Avant-Propos},
    keywords = {edition-txt-crh, crh-1993}
    }

@book{Descimon3970-1993,
    author = {Descimon, Robert},
    title = {Michel de L'Hospital, Discours pour la majorité de Charles IX et trois autres discours},
    publisher = {},
    series = {},
    location = {Paris},
    year = 1993,
    pagetotal = {},
    language = {français},
    % addendum = {présentation et édition},
    keywords = {edition-txt-crh, crh-1993}
    }

@book{Prochasson4503-1993,
    author = {Prochasson, Christophe and G. Candar},
    title = {Carnets, 1906-1916},
    publisher = {},
    series = {},
    location = {Paris},
    year = 1993,
    pagetotal = {},
    language = {français},
    % addendum = {présentation et édition critique},
    keywords = {edition-txt-crh, crh-1993}
    }

@book{Chartier3873-1993,
    author = {Chartier, Roger},
    editor = {},
    title = {Libros, lecturas y lectores en la Edad Moderna},
    publisher = {},
    series = {},
    location = {Madrid},
    year = 1993,
    pagetotal = {},
    language = {espagnol},
    addendum = {réédition},
    keywords = {reedition-crh, crh-1993}
    }

@book{Chartier3875-1993,
    author = {Chartier, Roger},
    editor = {},
    title = {L'ordre des livres (en japonais)},
    publisher = {},
    series = {},
    location = {Tokyo},
    year = 1993,
    pagetotal = {},
    language = {japonais},
    addendum = {réédition},
    keywords = {reedition-crh, crh-1993}
    }

@book{Ferro4043-1993,
    author = {Ferro, Marc},
    editor = {},
    title = {nouvelle édition de Cinéma et histoire},
    publisher = {},
    series = {},
    location = {Paris},
    year = 1993,
    pagetotal = {},
    language = {français},
    addendum = {réédition},
    keywords = {reedition-crh, crh-1993}
    }

@book{Duval3994-1993,
    author = {Duval, Bernadette},
    editor = {J. Hoock and P. Jeannin},
    title = {Ars mercatoria : Handbücher und Traktate für den gebrauch des kaufmanns, Manuels et traités à l'usage des marchands, 1470-1820, eine analytische bibliographie},
    publisher = {},
    series = {},
    location = {},
    year = 1993,
    pagetotal = {},
    language = {allemand},
    keywords = {outil-recherche-crh, crh-1993}
    }

@incollection{Goubert4116-1993,
    author = {Goubert, Jean-Pierre and A. Varet-Vitu and R. Rey},
    editor = {},
    title = {Médecine et santé},
    booktitle = {Atlas de la Révolution française, 7, Médecine et santé},
    publisher = {},
    series = {},
    location = {Paris},
    year = 1993,
    pagetotal = {},
    language = {français},
    keywords = {outil-recherche-crh, crh-1993}
    }

@incollection{Gratsac4121-1993,
    author = {Gratsac-Legendre, Valérie},
    editor = {J. Hoock and P. Jeannin},
    title = {Collaboration},
    booktitle = {Ars mercatoria : Handbücher und Traktate für den Gebrauch des Kaufmanns, Manuels et traités à l'usage des marchands, 1470-1820, eine analytische bibliographie},
    publisher = {},
    series = {},
    location = {Paderborn},
    year = 1993,
    pagetotal = {},
    language = {allemand},
    keywords = {outil-recherche-crh, crh-1993}
    }

@book{LeMee4319-1993,
    author = {Le Mee, René},
    editor = {},
    title = {Bibliographie Internationale de Démographie Historique, 1992},
    publisher = {},
    series = {},
    location = {Liège},
    year = 1993,
    pagetotal = {},
    language = {français},
    keywords = {outil-recherche-crh, crh-1993}
    }

@incollection{Vitu4699-1993,
    author = {Vitu-Varet, Anne and J.-P. Goubert and R. Rey},
    editor = {},
    title = {Médecine et santé},
    booktitle = {Atlas de la Révolution française, 7, Médecine et santé},
    publisher = {EHESS},
    series = {},
    location = {Paris},
    year = 1993,
    pagetotal = {},
    language = {français},
    keywords = {outil-recherche-crh, crh-1993}
    }

