@article{Ducreux82-1994,
    author = {Ducreux-Lakits, Marie-Elisabeth},
    title = {Cteni a vztah ke kniham u podezrelych z kacirstvi v Cechach 18.stoleti},
    journal = {Acta Universitatis Carolinae, Historia Universitatis Carolinae Pragensis, 1992},
    year = 1994,
    language = {tchèque},
    keywords = {art-crh, crh-1994}
    }

@article{Emptoz93-1994,
    author = {Emptoz, Gérard},
    title = {Des colorants à une grande école d'ingénieurs: la carrière de Paul Schutzenberger (1829-1897)},
    journal = {Bulletin de la société industrielle de Mulhouse},
    year = 1994,
    language = {français},
    keywords = {art-crh, crh-1994}
    }

@article{Lepetit220-1994,
    author = {Lepetit, Bernard},
    title = {Le temps des villes},
    journal = {Villes, histoire et culture,},
    year = 1994,
    language = {français},
    keywords = {art-crh, crh-1994}
    }

@article{Valensi427-1994,
    author = {Valensi, Lucette},
    title = {Espaces publics, espaces communautaires aux XIXe et XXe siècles},
    journal = {Confluences Méditerranée,},
    year = 1994,
    language = {français},
    keywords = {art-crh, crh-1994}
    }

@article{Bourdelais575-1994,
    author = {Bourdelais, Patrice},
    title = {Le vieillissement de la population : question d'actualité ou notion obsolète ?},
    journal = {Le Débat},
    year = 1994,
    language = {français},
    keywords = {art-crh, crh-1994}
    }

@article{Bruhns657-1994,
    author = {Bruhns, Hinnerk},
    title = {La démarche comparative en histoire sociale},
    journal = {Cahiers du Centre de Recherches Historiques,},
    year = 1994,
    language = {français},
    keywords = {art-crh, crh-1994}
    }

@article{Baschet721-1994,
    author = {Baschet, Jérôme},
    title = {Remarques sur l'indexation iconographique. L'expérience des vidéodisques des manuscrits de la Bibliothèque Vaticane},
    journal = {Mélanges de l'Ecole Française de Rome, Moyen Age},
    year = 1994,
    language = {français},
    keywords = {art-crh, crh-1994}
    }

@article{Revel801-1994,
    author = {Revel, Jacques},
    title = {Les civilités de l'âge moderne},
    journal = {Esprit},
    year = 1994,
    language = {français},
    keywords = {art-crh, crh-1994}
    }

@article{Berlioz844-1994,
    author = {Berlioz, Jacques},
    title = {Le bienheureux Chabert de Savoie, dominicain (mort à Aiguebelle vers 1260). Recherches sur les sources du XIIIe siècle},
    journal = {Mémoires de l'Académie des sciences, belles-lettres et arts de Savoie},
    year = 1994,
    language = {français},
    keywords = {art-crh, crh-1994}
    }

@article{Andreau4734-1994,
    author = {Andreau, Jean},
    title = {Rostovtzeff and the economic Behaviour of the Elites (<Vvi>bourgeois </Vvi>and <Vvi>rentiers</Vvi>)},
    journal = {V.D.I.,},
    year = 1994,
    language = {anglais},
    keywords = {art-crh, crh-1994}
    }

@article{Andreau4735-1994,
    author = {Andreau, Jean},
    title = {Quand Trajan faisait un marché},
    journal = {Ulysse,},
    year = 1994,
    language = {français},
    keywords = {art-crh, crh-1994}
    }

@article{Andreau4736-1994,
    author = {Andreau, Jean},
    title = {Distribution gratuite},
    journal = {Cahiers du Centre de Recherches Historiques},
    year = 1994,
    language = {français},
    keywords = {art-crh, crh-1994}
    }

@article{Andreau4738-1994,
    author = {Andreau, Jean},
    title = {Affaires financières à Pouzzoles au Ier siècle ap. J.-C. : les tablettes de Murecine},
    journal = {Revue des Etudes Latines},
    year = 1994,
    language = {français},
    keywords = {art-crh, crh-1994}
    }

@article{Béaur4760-1994,
    author = {Béaur, Gérard},
    title = {L'histoire de l'économie rurale à l'époque moderne ou les désarrois du quantitativisme. Bilan critique},
    journal = {Histoire et Sociétés Rurales},
    year = 1994,
    language = {français},
    keywords = {art-crh, crh-1994}
    }

@article{Béaur4761-1994,
    author = {Béaur, Gérard},
    title = {Foncier et crédit dans les sociétés préindustrielles : des liens solides ou des chaînes fragiles},
    journal = {Annales. Histoire, Sciences Sociales},
    year = 1994,
    language = {français},
    keywords = {art-crh, crh-1994}
    }

@article{Benoît4766-1994,
    author = {Benoît, Serge},
    title = {Un voyage métallurgique sous la Révolution: la tournée en Bourgogne de l'élève-ingénieur des Mines Fangueux en l'An IV},
    journal = {Annales des Mines. Réalités industrielles},
    year = 1994,
    language = {français},
    keywords = {art-crh, crh-1994}
    }

@article{Bergeron4772-1994,
    author = {Bergeron, Louis},
    title = {Culture de l'entrepreneur et innovation dans l'industrie},
    journal = {Le Culture della Tecnica,},
    year = 1994,
    language = {français},
    keywords = {art-crh, crh-1994}
    }

@article{Berlioz4780-1994,
    author = {Berlioz, Jacques},
    title = {Le médiéviste, l'ordinateur et le Vatican},
    journal = {L'Histoire},
    year = 1994,
    language = {français},
    keywords = {art-crh, crh-1994}
    }

@article{Berlioz4781-1994,
    author = {Berlioz, Jacques},
    title = {A medieval 'Little red riding Hood', 'The little girl spared by the wolwes' in the <Vvi>Fecunda ratis</Vvi> of Egbert of Liège (early 11th Century)},
    journal = {Medieval Folklore},
    year = 1994,
    language = {anglais},
    keywords = {art-crh, crh-1994}
    }

@article{Berlioz4782-1994,
    author = {Berlioz, Jacques},
    title = {Flodoard et l'épopée des évêques de Reims},
    journal = {L'Histoire},
    year = 1994,
    language = {français},
    keywords = {art-crh, crh-1994}
    }

@article{Berlioz4783-1994,
    author = {Berlioz, Jacques},
    title = {Le roi d'Aragon à l'assaut du Canigou},
    journal = {L'Histoire},
    year = 1994,
    language = {français},
    keywords = {art-crh, crh-1994}
    }

@article{Berlioz4784-1994,
    author = {Berlioz, Jacques},
    title = {Eros et la Vierge},
    journal = {L'Histoire},
    year = 1994,
    language = {français},
    keywords = {art-crh, crh-1994}
    }

@article{Berlioz4785-1994,
    author = {Berlioz, Jacques},
    title = {Les hérétiques du Mont-Aimé},
    journal = {L'Histoire},
    year = 1994,
    language = {français},
    keywords = {art-crh, crh-1994}
    }

@article{Beutler4796-1994,
    author = {Beutler, Corinne and F. Sigaut},
    title = {Un agronome suédois et l'histoire rurale. Anders Berch (1711-1774) recherche les origines des nations par l'étude de leurs instruments aratoires},
    journal = {Histoire et Sociétés Rurales},
    year = 1994,
    language = {français},
    keywords = {art-crh, crh-1994}
    }

@article{Beutler4797-1994,
    author = {Beutler, Corinne},
    title = {Constitution d'un corpus informatisé de la littérature agricole imprimée en Europe au XVIe siècle},
    journal = {Nouvelles du Livre Ancien},
    year = 1994,
    language = {français},
    keywords = {art-crh, crh-1994}
    }

@article{Blanquie4803-1994,
    author = {Blanquie, Christophe},
    title = {La nostalgie de Port-Royal, la tentation janséniste dans la tradition familiale des Saint-Simon},
    journal = {Cahiers Saint-Simon},
    year = 1994,
    language = {français},
    keywords = {art-crh, crh-1994}
    }

@article{Blanquie4804-1994,
    author = {Blanquie, Christophe},
    title = {Les restitutions du prince de Conti},
    journal = {Revue historique},
    year = 1994,
    language = {français},
    keywords = {art-crh, crh-1994}
    }

@article{Bonnain4813-1994,
    author = {Bonnain-Dulon, Rolande},
    title = {Le phénomène urbain à la veille de la Révolution dans les Hautes-Pyrénées},
    journal = {Bulletin de la S.A.H.P.},
    year = 1994,
    language = {français},
    keywords = {art-crh, crh-1994}
    }

@article{Bonnain4814-1994,
    author = {Bonnain-Dulon, Rolande},
    title = {Etre ou ne pas être Montségurien},
    journal = {Etudes rurales},
    year = 1994,
    language = {français},
    keywords = {art-crh, crh-1994}
    }

@article{Boureau4833-1994,
    author = {Boureau, Alain},
    title = {L'historien et le défi de la causalité},
    journal = {Revue des Etudes Slaves},
    year = 1994,
    language = {français},
    keywords = {art-crh, crh-1994}
    }

@article{Boureau4837-1994,
    author = {Boureau, Alain},
    title = {Traduire, dit-il (trois lectures-traductions d'Aristote en 1271)},
    journal = {Le Gré des langues},
    year = 1994,
    language = {français},
    keywords = {art-crh, crh-1994}
    }

@article{Boureau4838-1994,
    author = {Boureau, Alain},
    title = {La sacralité du corps propre au Moyen Age},
    journal = {Yale French Studies,},
    year = 1994,
    language = {français},
    keywords = {art-crh, crh-1994}
    }

@article{Bruhns4856-1994,
    author = {Bruhns, Hinnerk},
    title = {L'introuvable passé allemand},
    journal = {Les Entretiens du Courrier de l'U.N.E.S.C.O.},
    year = 1994,
    language = {français},
    keywords = {art-crh, crh-1994}
    }

@article{Burguière4864-1994,
    author = {Burguière, André},
    title = {Diversité et cultures familiales},
    journal = {Regards cliniques},
    year = 1994,
    language = {français},
    keywords = {art-crh, crh-1994}
    }

@article{Burguière4865-1994,
    author = {Burguière, André},
    title = {Les rapports entre générations : un problème pour l'historien},
    journal = {Communications},
    year = 1994,
    language = {français},
    keywords = {art-crh, crh-1994}
    }

@article{Carrié4872-1994,
    author = {Carrié, Jean-Michel},
    title = {Dioclétien et la fiscalité},
    journal = {Antiquité Tardive},
    year = 1994,
    language = {français},
    keywords = {art-crh, crh-1994}
    }

@article{Chartier4906-1994,
    author = {Chartier, Roger},
    title = {George Dandin, ou le social en représentation},
    journal = {Annales. Histoire, Sciences Sociales},
    year = 1994,
    language = {français},
    keywords = {art-crh, crh-1994}
    }

@article{Chartier4907-1994,
    author = {Chartier, Roger},
    title = {Pouvoirs et limites de la représentation. Sur l'oeuvre de Louis Marin},
    journal = {Annales. Histoire, Sciences Sociales,},
    year = 1994,
    language = {français},
    keywords = {art-crh, crh-1994}
    }

@article{Chartier4908-1994,
    author = {Chartier, Roger},
    title = {L'homme de lettres},
    journal = {Synthesis. Bulletin du Comité National Roumain de Littérature Comparée de l'Institut d'Histoire et de Théorie Littéraire G. Calinescu de l'Académie Roumaine},
    year = 1994,
    language = {français},
    keywords = {art-crh, crh-1994}
    }

@article{Chartier4909-1994,
    author = {Chartier, Roger},
    title = {L'histoire entre récit et connaissance},
    journal = {MLN},
    year = 1994,
    language = {français},
    keywords = {art-crh, crh-1994}
    }

@article{Chartier4910-1994,
    author = {Chartier, Roger},
    title = {A historia hoje : dúvidas, desafios, propostas},
    journal = {Estudios Históricos},
    year = 1994,
    language = {espagnol},
    keywords = {art-crh, crh-1994}
    }

@article{Chartier4911-1994,
    author = {Chartier, Roger},
    title = {L'histoire aujourd'hui : doutes, défis, propositions},
    journal = {Shiso, revue des sciences de l'homme},
    year = 1994,
    language = {français},
    keywords = {art-crh, crh-1994}
    }

@article{Chartier4915-1994,
    author = {Chartier, Roger},
    title = {Dalla storia del libro alla storia della lettura : la prospettiva francese},
    journal = {Archivio Storico Italiano},
    year = 1994,
    language = {italien},
    keywords = {art-crh, crh-1994}
    }

@article{Chartier4916-1994,
    author = {Chartier, Roger},
    title = {Dal codex al schermo},
    journal = {La Rivista dei libri},
    year = 1994,
    language = {italien},
    keywords = {art-crh, crh-1994}
    }

@article{Chartier4917-1994,
    author = {Chartier, Roger},
    title = {Do código ao monitor : A trajetória do escrito},
    journal = {Estudios Avançados},
    year = 1994,
    language = {portugais},
    keywords = {art-crh, crh-1994}
    }

@article{Chartier4918-1994,
    author = {Chartier, Roger},
    title = {A kodestöl a képernyöig. As irott szo röpalyaja},
    journal = {Budapesti Könyvszelme Buksz,},
    year = 1994,
    language = {hongrois},
    keywords = {art-crh, crh-1994}
    }

@article{Chartier4921-1994,
    author = {Chartier, Roger},
    title = {L'histoire culturelle aujourd'hui. Entretien avec Roger Chartier},
    journal = {Genèses},
    year = 1994,
    language = {français},
    keywords = {art-crh, crh-1994}
    }

@article{Chartier4922-1994,
    author = {Chartier, Roger and K. Michael Baker},
    title = {Dialogue sur l'espace public},
    journal = {Politix},
    year = 1994,
    language = {français},
    keywords = {art-crh, crh-1994}
    }

@article{Chartier4923-1994,
    author = {Chartier, Roger},
    title = {Historia y práticas culturales. Entrevista a Roger Chartier},
    journal = {Entrepasados},
    year = 1994,
    language = {espagnol},
    keywords = {art-crh, crh-1994}
    }

@article{Chase4985-1994,
    author = {Chase, Jane},
    title = {L'élaboration de l'immigrant américain},
    journal = {Annales. Histoire, Sciences Sociales,},
    year = 1994,
    language = {français},
    keywords = {art-crh, crh-1994}
    }

@article{Chaussinand4988-1994,
    author = {Chaussinand-Nogaret, Guy},
    title = {La face noire de Voltaire},
    journal = {l'Histoire,},
    year = 1994,
    language = {français},
    keywords = {art-crh, crh-1994}
    }

@article{Cohen4991-1994,
    author = {Cohen, Yves},
    title = {Le vingtième siècle commence en 1900. Sciences, techniques, action},
    journal = {Alliage},
    year = 1994,
    language = {français},
    keywords = {art-crh, crh-1994}
    }

@article{Cohen4992-1994,
    author = {Cohen, Yves},
    title = {Inventivité organisationnelle et compétitivité. L'interchangeabilité des pièces face à la crise de la machine-outil en France autour de 1900},
    journal = {Entreprises et histoire},
    year = 1994,
    language = {français},
    keywords = {art-crh, crh-1994}
    }

@article{Delille5011-1994,
    author = {Delille, Gérard},
    title = {Le trop et le trop peu : capitaux et rapports de pouvoir dans un village de l'Italie du Sud (XVIIe-XVIIIe siècles)},
    journal = {Annales. Histoire, Sciences Sociales,},
    year = 1994,
    language = {français},
    keywords = {art-crh, crh-1994}
    }

@article{Delille5012-1994,
    author = {Delille, Gérard},
    title = {Storia politica e antropologia : gruppi di potere locale nel mediterraneo occidentale dal XV° al XVII° secolo},
    journal = {L'Uomo,},
    year = 1994,
    language = {italien},
    keywords = {art-crh, crh-1994}
    }

@article{Demelas5013-1994,
    author = {Demelas, Marie-Danièle},
    title = {Genèse et figures du caudillo},
    journal = {Social Anthropology},
    year = 1994,
    language = {français},
    keywords = {art-crh, crh-1994}
    }

@article{Demelas5014-1994,
    author = {Demelas, Marie-Danièle},
    title = {Le développement de la cité-territoire hispano-américaine},
    journal = {Problèmes d'Amérique latine},
    year = 1994,
    language = {français},
    keywords = {art-crh, crh-1994}
    }

@article{Depeyrot5028-1994,
    author = {Depeyrot, Georges},
    title = {Les crises du Ve et Xe siècles: convergences et divergences},
    journal = {Rivista Italiana di Numismatica,},
    year = 1994,
    language = {français},
    keywords = {art-crh, crh-1994}
    }

@article{Depeyrot5029-1994,
    author = {Depeyrot, Georges},
    title = {La disparition de l'or du Bas-Empire et le mythe de l'Orient corrupteur},
    journal = {Cahiers numismatiques,},
    year = 1994,
    language = {français},
    keywords = {art-crh, crh-1994}
    }

@article{Depeyrot5030-1994,
    author = {Depeyrot, Georges},
    title = {Le prétendu trésor de Nicole (Lot-et-Garonne) (2e-3e siècles)},
    journal = {Cahiers numismatiques,},
    year = 1994,
    language = {français},
    keywords = {art-crh, crh-1994}
    }

@article{Depeyrot5031-1994,
    author = {Depeyrot, Georges},
    title = {Le témoignage des espèces de l'Antiquité et du Moyen Age},
    journal = {Les Dossiers de la monnaie},
    year = 1994,
    language = {français},
    keywords = {art-crh, crh-1994}
    }

@article{Derouet5053-1994,
    author = {Derouet, Bernard},
    title = {Transmettre la terre. Origines et inflexions récentes d'une problématique de la différence},
    journal = {Histoire et Sociétés Rurales},
    year = 1994,
    language = {français},
    keywords = {art-crh, crh-1994}
    }

@article{Desaive5061-1994,
    author = {Desaive, Jean-Paul},
    title = {Les goûts picturaux de la bourgeoisie d'Auxerre aux XVIe et XVIIe siècles},
    journal = {Bulletin de la Société des Sciences Historiques et Naturelles de l'Yonne,},
    year = 1994,
    language = {français},
    keywords = {art-crh, crh-1994}
    }

@article{Descimon5066-1994,
    author = {Descimon, Robert},
    title = {Le corps de ville et les élections échevinales à Paris aux XVIe et XVIIe siècles. Codification coutumière et pratiques sociales},
    journal = {Histoire économie et société},
    year = 1994,
    language = {français},
    keywords = {art-crh, crh-1994}
    }

@article{Descimon5067-1994,
    author = {Descimon, Robert},
    title = {La vénalité des offices politiques de la ville de Paris (1500-1681)},
    journal = {Bulletin de la S.H.M.C.},
    year = 1994,
    language = {français},
    keywords = {art-crh, crh-1994}
    }

@article{Desrosiers5078-1994,
    author = {Desrosiers, Sophie},
    title = {La soierie méditerranéenne},
    journal = {La Revue du Musée des Arts et Métiers,},
    year = 1994,
    language = {français},
    keywords = {art-crh, crh-1994}
    }

@article{Desrosiers5079-1994,
    author = {Desrosiers, Sophie},
    title = {Comentario al articulo de Mary Frame},
    journal = {Revista Andina},
    year = 1994,
    language = {espagnol},
    keywords = {art-crh, crh-1994}
    }

@article{Dewerpe5083-1994,
    author = {Dewerpe, Alain},
    title = {Quelques remarques à propos de l'institutionnalisation du marché du travail dans l'Italie unifiée (1860-1914)},
    journal = {Revue du Nord,},
    year = 1994,
    language = {français},
    keywords = {art-crh, crh-1994}
    }

@article{Emptoz5093-1994,
    author = {Emptoz, Gérard and A.-C. Robert-Hauglustaine},
    title = {Naissance de la formation d'ingénieur soudeur en France : l'Ecole supérieure de soudure autogène, 1930-1939},
    journal = {Soudage et techniques connexes,},
    year = 1994,
    language = {français},
    keywords = {art-crh, crh-1994}
    }

@article{Emptoz5094-1994,
    author = {Emptoz, Gérard and B. Crugnola and A-C. Robert-Hauglustaine},
    title = {Les techniques de soudure électrique dans les industries de l'armement 1914-1939},
    journal = {Bulletin d'histoire de l'électricité en France},
    year = 1994,
    language = {français},
    keywords = {art-crh, crh-1994}
    }

@article{Emptoz5095-1994,
    author = {Emptoz, Gérard},
    title = {La Chimie et l'Alsace, de 1850 à 1920},
    journal = {Bulletin de la Société industrielle de Mulhouse,},
    year = 1994,
    language = {français},
    keywords = {art-crh, crh-1994}
    }

@article{Farge5118-1994,
    author = {Farge, Arlette},
    title = {Le temps, l'évènement et l'historien},
    journal = {L'Inactuel,},
    year = 1994,
    language = {français},
    keywords = {art-crh, crh-1994}
    }

@article{Fauve5127-1994,
    author = {Fauve-Chamoux, Antoinette},
    title = {De la famille au ménage en Europe préindustrielle},
    journal = {Studia Podlaskie},
    year = 1994,
    language = {français},
    keywords = {art-crh, crh-1994}
    }

@article{Fontaine5131-1994,
    author = {Fontaine, Laurence},
    title = {Espaces, usages et dynamiques de la dette dans les hautes vallées dauphinoises (XVIIe-XVIIIe siècles)},
    journal = {Annales. Histoire, Sciences Sociales,},
    year = 1994,
    language = {français},
    keywords = {art-crh, crh-1994}
    }

@article{Fontaine5132-1994,
    author = {Fontaine, Laurence},
    title = {Ceux qui partent et ceux qui restent. Les pratiques successorales dans l'Oisans},
    journal = {Actes de la Recherche en Sciences Sociales},
    year = 1994,
    language = {français},
    keywords = {art-crh, crh-1994}
    }

@article{Fontaine5133-1994,
    author = {Fontaine, Laurence},
    title = {Subir et utiliser les institutions : les réseaux de migrants dans l'Europe moderne},
    journal = {Revue du Nord,},
    year = 1994,
    language = {français},
    keywords = {art-crh, crh-1994}
    }

@article{Fontanon5143-1994,
    author = {Fontanon, Claudine},
    title = {L'introduction des sciences sociales au Conservatoire, un champ d'essai pour le 'millerandisme'},
    journal = {Cahiers de l'IHTP},
    year = 1994,
    language = {français},
    keywords = {art-crh, crh-1994}
    }

@article{Fontanon5144-1994,
    author = {Fontanon, Claudine},
    title = {Le Musée de la prévention des accidents},
    journal = {Revue du Musée national des arts et métiers,},
    year = 1994,
    language = {français},
    keywords = {art-crh, crh-1994}
    }

@article{Fouché5152-1994,
    author = {Fouché, Nicole},
    title = {La documentation en histoire américaine : de l'imprimé à la télématique},
    journal = {Bulletin du centre d'études nord-américaines,},
    year = 1994,
    language = {français},
    keywords = {art-crh, crh-1994}
    }

@article{Fouché5154-1994,
    author = {Fouché, Nicole},
    title = {Reid Hall, l'Association française des femmes diplômées des universités et la Fédération internationale des femmes diplômées des universités, 1919-1993},
    journal = {Diplômées,},
    year = 1994,
    language = {français},
    keywords = {art-crh, crh-1994}
    }

@article{Fouché5155-1994,
    author = {Fouché, Nicole},
    title = {Les Américaines en Soissonnais, 1919-1923 : leur influence sur la société française},
    journal = {Revue française d'études américaines},
    year = 1994,
    language = {français},
    keywords = {art-crh, crh-1994}
    }

@article{Fouché5157-1994,
    author = {Fouché, Nicole},
    title = {La présence américaine à la recherche d'une problématique, XIXe-XXe},
    journal = {Revue française d'études américaines},
    year = 1994,
    language = {français},
    keywords = {art-crh, crh-1994}
    }

@article{Fridenson5159-1994,
    author = {Fridenson, Patrick},
    title = {Adieu à Edward Thompson},
    journal = {Le Mouvement social,},
    year = 1994,
    language = {français},
    keywords = {art-crh, crh-1994}
    }

@article{Fridenson5160-1994,
    author = {Fridenson, Patrick},
    title = {Un nouvel acteur dans l'entreprise ?},
    journal = {Entreprises et Histoire,},
    year = 1994,
    language = {français},
    keywords = {art-crh, crh-1994}
    }

@article{Froeschlé5178-1994,
    author = {Froeschlé-Chopard, Marie-Hélène and F. Hernandez},
    title = {Les dévotions des confréries. Reflet de l'influence des ordres religieux ?},
    journal = {Dimensioni e problemi della ricerca storica, Rivista del dipartimento di studi storici dell' Università 'La Sapienza'},
    year = 1994,
    language = {français},
    keywords = {art-crh, crh-1994}
    }

@article{Goldberg5199-1994,
    author = {Goldberg, Sylvie-Anne},
    title = {Inventaire des archives et identités juives en Russie},
    journal = {Revue des Etudes Juives},
    year = 1994,
    language = {français},
    keywords = {art-crh, crh-1994}
    }

@article{Goubert5206-1994,
    author = {Goubert, Jean-Pierre and O. Keel},
    title = {Polysémie de la santé. La France et le Québec (1750-1980)},
    journal = {Cahiers du Centre de Recherches Historiques,},
    year = 1994,
    language = {français},
    keywords = {art-crh, crh-1994}
    }

@article{Green5214-1994,
    author = {Green, Nancy},
    title = {The Comparative Method and Poststructural Structuralism. New Perspectives for Migration Studies},
    journal = {Journal of American Ethnic Studies},
    year = 1994,
    language = {anglais},
    keywords = {art-crh, crh-1994}
    }

@article{Green5215-1994,
    author = {Green, Nancy},
    title = {Art and Industry : The Language of Modernization in the Production of Fashion,},
    journal = {French Historical Studies,},
    year = 1994,
    language = {anglais},
    keywords = {art-crh, crh-1994}
    }

@article{Green5216-1994,
    author = {Green, Nancy},
    title = {La main-d'oeuvre immigrée et l'industrie du vêtement : Au-delà de la culture et du capital},
    journal = {Sociologie du Travail,},
    year = 1994,
    language = {français},
    keywords = {art-crh, crh-1994}
    }

@article{Guéry5233-1994,
    author = {Guéry, Alain},
    title = {Anciennes et nouvelles approches de l'histoire de l'Etat},
    journal = {Revue des Etudes Slaves,},
    year = 1994,
    language = {français},
    keywords = {art-crh, crh-1994}
    }

@article{Guéry5234-1994,
    author = {Guéry, Alain},
    title = {Raison financière et raison politique d'Ancien Régime},
    journal = {La Pensée politique,},
    year = 1994,
    language = {français},
    keywords = {art-crh, crh-1994}
    }

@article{Guéry5235-1994,
    author = {Guéry, Alain},
    title = {Etre français sous l'Ancien Régime},
    journal = {Crises,},
    year = 1994,
    language = {français},
    keywords = {art-crh, crh-1994}
    }

@article{Jouhaud5247-1994,
    author = {Jouhaud, Christian},
    title = {L'écrivain et le ministre : note sur l'épître dédicatoire d'<Vvi>Horace </Vvi>et tout particulièrement sur la place qu'y tient le visage du cardinal de Richelieu},
    journal = {XVIIe siècle},
    year = 1994,
    language = {français},
    keywords = {art-crh, crh-1994}
    }

@article{Jouhaud5248-1994,
    author = {Jouhaud, Christian},
    title = {Sur le statut d'homme de lettres au XVIIe siècle : la correspondance de Jean Chapelain (1595-1674)},
    journal = {Annales. Histoire, Sciences Sociales},
    year = 1994,
    language = {français},
    keywords = {art-crh, crh-1994}
    }

@article{Julia5253-1994,
    author = {Julia, Dominique},
    title = {Le choix des professeurs en France : Vocation ou concours ? 1700-1850},
    journal = {Paedagogica Historica},
    year = 1994,
    language = {français},
    keywords = {art-crh, crh-1994}
    }

@article{Julliard5264-1994,
    author = {Julliard, Jacques},
    title = {La reconquête du courage},
    journal = {Politique internationale,},
    year = 1994,
    language = {français},
    keywords = {art-crh, crh-1994}
    }

@article{Julliard5265-1994,
    author = {Julliard, Jacques},
    title = {Note conjointe sur Jean Bastaire, lecteur de Péguy},
    journal = {Mil neuf cent, revue d'histoire intellectuelle},
    year = 1994,
    language = {français},
    keywords = {art-crh, crh-1994}
    }

@article{Klapisch5276-1994,
    author = {Klapisch-Zuber, Christiane},
    title = {Albero genealogico e costruzione della parentela nel Rinascimento},
    journal = {Quaderni storici},
    year = 1994,
    language = {italien},
    keywords = {art-crh, crh-1994}
    }

@article{Klapisch5282-1994,
    author = {Klapisch-Zuber, Christiane},
    title = {Ripensando al catasto},
    journal = {Archivio storico italiano},
    year = 1994,
    language = {italien},
    keywords = {art-crh, crh-1994}
    }

@article{Kriegel5288-1994,
    author = {Kriegel, Maurice},
    title = {La liquidation du pluralisme religieux dans l'Espagne des Rois Catholiques : limites et efficacité de l'approche 'intentionnaliste'},
    journal = {Temas medievales,},
    year = 1994,
    language = {français},
    keywords = {art-crh, crh-1994}
    }

@article{Kriegel5289-1994,
    author = {Kriegel, Maurice},
    title = {Autour de Pablo de Santa Maria et d'Alfonso de Cartagena : alignement culturel et originalité converso},
    journal = {Revue d'histoire moderne et contemporaine},
    year = 1994,
    language = {français},
    keywords = {art-crh, crh-1994}
    }

@article{Kriegel5290-1994,
    author = {Kriegel, Maurice},
    title = {La société israélienne et le passé juif},
    journal = {Le Débat},
    year = 1994,
    language = {français},
    keywords = {art-crh, crh-1994}
    }

@article{LeBras5297-1994,
    author = {Le Bras, Hervé},
    title = {Etat et Démographie},
    journal = {Revue Etudes slaves},
    year = 1994,
    language = {français},
    keywords = {art-crh, crh-1994}
    }

@article{LeBras5298-1994,
    author = {Le Bras, Hervé},
    title = {Le vieillissement de la population : de la rhétorique à l'idéologie},
    journal = {Revue française des affaires sociales},
    year = 1994,
    language = {français},
    keywords = {art-crh, crh-1994}
    }

@article{LeBras5302-1994,
    author = {Le Bras, Hervé},
    title = {Ville et démographie},
    journal = {Courrier du CNRS,},
    year = 1994,
    language = {français},
    keywords = {art-crh, crh-1994}
    }

@article{LeBras5303-1994,
    author = {Le Bras, Hervé},
    title = {La famille n'est pas la family},
    journal = {Politis-La Revue},
    year = 1994,
    language = {français},
    keywords = {art-crh, crh-1994}
    }

@article{Lepetit5324-1994,
    author = {Lepetit, Bernard},
    title = {L'appropriation de l'espace urbain : la formation de la valeur dans la ville moderne, XVIe-XIXe siècle},
    journal = {Histoire, économie et société,},
    year = 1994,
    language = {français},
    keywords = {art-crh, crh-1994}
    }

@article{Lepetit5325-1994,
    author = {Lepetit, Bernard},
    title = {Temps des formes, temps des usages},
    journal = {Le Courrier du CNRS,},
    year = 1994,
    language = {français},
    keywords = {art-crh, crh-1994}
    }

@article{Milo5352-1994,
    author = {Milo, Daniel},
    title = {Oser l'histoire expérimentale},
    journal = {Le Temps stratégique},
    year = 1994,
    language = {français},
    keywords = {art-crh, crh-1994}
    }

@article{Noiriel5372-1994,
    author = {Noiriel, Gérard},
    title = {En mémoire de Marc Bloch. Retour sur l'<Vvi>Apologie pour l'histoire</Vvi>},
    journal = {Genèses,},
    year = 1994,
    language = {français},
    keywords = {art-crh, crh-1994}
    }

@article{Noiriel5373-1994,
    author = {Noiriel, Gérard},
    title = {L'histoire culturelle aujourd'hui},
    journal = {Genèses,},
    year = 1994,
    language = {français},
    keywords = {art-crh, crh-1994}
    }

@article{Noiriel5377-1994,
    author = {Noiriel, Gérard},
    title = {'Civil Rights' Policy in the United States and the Policy of 'Integration' in Europe : Divergent Approaches to a Similar Issue},
    journal = {Journal of Policy History,},
    year = 1994,
    language = {anglais},
    keywords = {art-crh, crh-1994}
    }

@article{Noiriel5378-1994,
    author = {Noiriel, Gérard},
    title = {Foucault and History : the lessons of a disillusion},
    journal = {Journal of Modern History,},
    year = 1994,
    language = {anglais},
    keywords = {art-crh, crh-1994}
    }

@article{Peter5408-1994,
    author = {Peter, Jean-Pierre},
    title = {Histoire et culture de la douleur},
    journal = {Pratiques},
    year = 1994,
    language = {français},
    keywords = {art-crh, crh-1994}
    }

@article{Peter5409-1994,
    author = {Peter, Jean-Pierre},
    title = {Chemins, sommets et travers du pouvoir médical, XVIIIe-XIXe siècles},
    journal = {Panoramiques},
    year = 1994,
    language = {français},
    keywords = {art-crh, crh-1994}
    }

@article{Podselver5421-1994,
    author = {Podselver, Laurence},
    title = {La communauté juive ou la singularité sarcelloise},
    journal = {Hommes et migrations,},
    year = 1994,
    language = {français},
    keywords = {art-crh, crh-1994}
    }

@article{PoloDeBeaulieu5427-1994,
    author = {Polo De Beaulieu, Marie-Anne},
    title = {Dialogue d'outre-tombe},
    journal = {L'Histoire},
    year = 1994,
    language = {français},
    keywords = {art-crh, crh-1994}
    }

@article{Pomian5438-1994,
    author = {Pomian, Krzysztof},
    title = {L'Europe centrale : essais de définition. Conversation avec M. Espagne, J. Le Rider et F. E. Schrader},
    journal = {Revue germanique internationale,},
    year = 1994,
    language = {français},
    keywords = {art-crh, crh-1994}
    }

@article{Pomian5440-1994,
    author = {Pomian, Krzysztof},
    title = {Herling-Grudzinski i powojenna literatura polska},
    journal = {Kresy,},
    year = 1994,
    language = {polonais},
    keywords = {art-crh, crh-1994}
    }

@article{Pomian5441-1994,
    author = {Pomian, Krzysztof},
    title = {Europa y sus frontieras},
    journal = {Revista de Occidente},
    year = 1994,
    language = {espagnol},
    keywords = {art-crh, crh-1994}
    }

@article{Postel5456-1994,
    author = {Postel-Vinay, Gilles and P.-T. Hoffmann and J.-L. Rosenthal},
    title = {Economie et politique. Les marchés du crédit à Paris, 1750-1840},
    journal = {Annales. Histoire, Sciences Sociales},
    year = 1994,
    language = {français},
    keywords = {art-crh, crh-1994}
    }

@article{Prochasson5466-1994,
    author = {Prochasson, Christophe},
    title = {Georges Sorel : itinéraire d'un dreyfusard antisémite},
    journal = {L'Histoire},
    year = 1994,
    language = {français},
    keywords = {art-crh, crh-1994}
    }

@article{Prochasson5467-1994,
    author = {Prochasson, Christophe},
    title = {Malaise dans la civilisation},
    journal = {Le Débat},
    year = 1994,
    language = {français},
    keywords = {art-crh, crh-1994}
    }

@article{Prochasson5470-1994,
    author = {Prochasson, Christophe},
    title = {Que faire des intellectuels du Maitron ?},
    journal = {Les Cahiers de l'I.H.T.P.},
    year = 1994,
    language = {français},
    keywords = {art-crh, crh-1994}
    }

@article{Prochasson5471-1994,
    author = {Prochasson, Christophe},
    title = {Héritages et trahisons : la réception des oeuvres},
    journal = {Mil neuf cent. Revue d'histoire intellectuelle},
    year = 1994,
    language = {français},
    keywords = {art-crh, crh-1994}
    }

@article{Revel5478-1994,
    author = {Revel, Jacques},
    title = {Histoire sociologie histoire},
    journal = {Le Débat},
    year = 1994,
    language = {français},
    keywords = {art-crh, crh-1994}
    }

@article{Revel5479-1994,
    author = {Revel, Jacques},
    title = {Le temps du doute},
    journal = {Politiques},
    year = 1994,
    language = {français},
    keywords = {art-crh, crh-1994}
    }

@article{Revel5480-1994,
    author = {Revel, Jacques},
    title = {Micro-analisi e construzione del sociale},
    journal = {Quaderni Storici},
    year = 1994,
    language = {italien},
    keywords = {art-crh, crh-1994}
    }

@article{Rosental5488-1994,
    author = {Rosental, Paul-André},
    title = {L'exode rural, mise à l'épreuve d'un modèle},
    journal = {Politix},
    year = 1994,
    language = {français},
    keywords = {art-crh, crh-1994}
    }

@article{Rucquoi5494-1994,
    author = {Rucquoi, Adeline},
    title = {L'invective anti-juive dans l'Espagne chrétienne, Le Sermo IV, In natale Domini II, de Martin de Leon},
    journal = {Atalaya,},
    year = 1994,
    language = {français},
    keywords = {art-crh, crh-1994}
    }

@article{Schaub5500-1994,
    author = {Schaub, Jean-Frédéric},
    title = {La crise hispanique de 1640. Le modèle des 'révolutions périphériques', en question (note critique)},
    journal = {Annales. Histoire, Sciences Sociales},
    year = 1994,
    language = {français},
    keywords = {art-crh, crh-1994}
    }

@article{Schaub5501-1994,
    author = {Schaub, Jean-Frédéric},
    title = {La création institutionnelle au Portugal au temps du comte-duc d'Olivares},
    journal = {Estudis},
    year = 1994,
    language = {français},
    keywords = {art-crh, crh-1994}
    }

@article{Schmitt5517-1994,
    author = {Schmitt, Jean-Claude},
    title = {Le Moyen Age croyait-il aux revenants ?},
    journal = {L'Histoire,},
    year = 1994,
    language = {français},
    keywords = {art-crh, crh-1994}
    }

@article{Schmitt5519-1994,
    author = {Schmitt, Jean-Claude},
    title = {Le juif, le chrétien et le cochon},
    journal = {L'Histoire},
    year = 1994,
    language = {français},
    keywords = {art-crh, crh-1994}
    }

@article{Schmitt5520-1994,
    author = {Schmitt, Jean-Claude},
    title = {Les images de l'invective},
    journal = {Atalaya. Revue Française d'Etudes Médiévales Hispaniques,},
    year = 1994,
    language = {français},
    keywords = {art-crh, crh-1994}
    }

@article{Schnapper5538-1994,
    author = {Schnapper, Dominique},
    title = {Migrants and foreigners in France},
    journal = {Australian Forum for population studies},
    year = 1994,
    language = {anglais},
    keywords = {art-crh, crh-1994}
    }

@article{Schnapper5539-1994,
    author = {Schnapper, Dominique},
    title = {L'Etat garant du modèle républicain},
    journal = {H.L.M. aujourd'hui},
    year = 1994,
    language = {français},
    keywords = {art-crh, crh-1994}
    }

@article{Schnapper5540-1994,
    author = {Schnapper, Dominique},
    title = {Nationalisme, ethnicité. Les nouveaux moteurs de l'histoire},
    journal = {Commentaire},
    year = 1994,
    language = {français},
    keywords = {art-crh, crh-1994}
    }

@article{Schnapper5541-1994,
    author = {Schnapper, Dominique},
    title = {La nation indépassable ?},
    journal = {Le Banquet},
    year = 1994,
    language = {français},
    keywords = {art-crh, crh-1994}
    }

@article{Schnapper5542-1994,
    author = {Schnapper, Dominique},
    title = {The problem of implicit and explicit assumptions},
    journal = {New Community},
    year = 1994,
    language = {anglais},
    keywords = {art-crh, crh-1994}
    }

@article{Schnapper5544-1994,
    author = {Schnapper, Dominique},
    title = {Le politique et le national},
    journal = {Revue Tocqueville,},
    year = 1994,
    language = {français},
    keywords = {art-crh, crh-1994}
    }

@article{Schnapper5545-1994,
    author = {Schnapper, Dominique},
    title = {La citoyenneté dans la nation démocratique},
    journal = {Commentaire},
    year = 1994,
    language = {français},
    keywords = {art-crh, crh-1994}
    }

@article{Schnapper5546-1994,
    author = {Schnapper, Dominique},
    title = {Différents dans l'épreuve},
    journal = {Informations sociales},
    year = 1994,
    language = {français},
    keywords = {art-crh, crh-1994}
    }

@article{Schnapper5547-1994,
    author = {Schnapper, Dominique},
    title = {Chômage, exclusion et citoyenneté},
    journal = {Pouvoirs Locaux},
    year = 1994,
    language = {français},
    keywords = {art-crh, crh-1994}
    }

@article{Schnapper5548-1994,
    author = {Schnapper, Dominique},
    title = {De l'Etat-providence à la démocratie culturelle},
    journal = {Commentaire},
    year = 1994,
    language = {français},
    keywords = {art-crh, crh-1994}
    }

@article{Seitz5561-1994,
    author = {Seitz, Frédéric},
    title = {Le métal, mal-aimé de la construction en France depuis un siècle : des raisons de coût ?},
    journal = {Histoire et Mesure},
    year = 1994,
    language = {français},
    keywords = {art-crh, crh-1994}
    }

@article{Sigaut5573-1994,
    author = {Sigaut, François and C. Beutler},
    title = {Un agronome suédois et l'histoire rurale, Anders Berch (1771-1774)},
    journal = {Histoire et Sociétés Rurales},
    year = 1994,
    language = {français},
    keywords = {art-crh, crh-1994}
    }

@article{Sigaut5574-1994,
    author = {Sigaut, François},
    title = {Comparaisons et raisons. Commentaires sur une petite bibliographie animalière},
    journal = {Techniques et Culture},
    year = 1994,
    language = {français},
    keywords = {art-crh, crh-1994}
    }

@article{Sigaut5575-1994,
    author = {Sigaut, François},
    title = {Pour un atlas des agricultures précontemporaines en France},
    journal = {Histoire et Sociétés Rurales},
    year = 1994,
    language = {français},
    keywords = {art-crh, crh-1994}
    }

@article{Touati5590-1994,
    author = {Touati, Houari},
    title = {Un Profilo di Santo taumaturgigo : Sidi Shaykh (1533-1616)},
    journal = {La Ricerca Folklorica},
    year = 1994,
    language = {italien},
    keywords = {art-crh, crh-1994}
    }

@article{Velay5600-1994,
    author = {Velay-Vallantin, Catherine},
    title = {L'invention d'un public enfantin au XVIIIe siècle : entre famille et école, les éditions des Contes de Perrault},
    journal = {Revue Française d'Histoire du Livre},
    year = 1994,
    language = {français},
    keywords = {art-crh, crh-1994}
    }

@article{Velay5601-1994,
    author = {Velay-Vallantin, Catherine},
    title = {Louis Marin lecteur de Charles Perrault},
    journal = {Merveilles et Contes,},
    year = 1994,
    language = {français},
    keywords = {art-crh, crh-1994}
    }

@article{Vincent5605-1994,
    author = {Vincent, Bernard},
    title = {L'Espagne et les commémorations de 1492},
    journal = {Le Débat},
    year = 1994,
    language = {français},
    keywords = {art-crh, crh-1994}
    }

@article{Vincent5606-1994,
    author = {Vincent, Bernard},
    title = {'Convivance' à Grenade},
    journal = {Confluences Méditerranéennes},
    year = 1994,
    language = {français},
    keywords = {art-crh, crh-1994}
    }

@article{Vincent5608-1994,
    author = {Vincent, Bernard},
    title = {Le chat et les souris : inquisiteur et morisques à Benimodo (1574)},
    journal = {Estudis},
    year = 1994,
    language = {français},
    keywords = {art-crh, crh-1994}
    }

@book{Béaur4759-1994,
    author = {Béaur, Gérard},
    title = {L'Immobilier et la Révolution. Marché de la pierre et mutations urbaines 1770-1810},
    publisher = {Armand Colin},
    series = {},
    location = {Paris},
    year = 1994,
    pagetotal = {},
    language = {français},
    keywords = {book-crh, crh-1994}
    }

@book{Berlioz4778-1994,
    author = {Berlioz, Jacques},
    title = {Tuez-les tous Dieu reconnaîtra les siens. Le massacre de Béziers et la croisade des Albigeois vus par Césaire de Heisterbach},
    publisher = {Loubatières},
    series = {},
    location = {Portet-sur-Garonne},
    year = 1994,
    pagetotal = {},
    language = {français},
    keywords = {book-crh, crh-1994}
    }

@book{Chapelot4883-1994,
    author = {Chapelot, Jean and I. Cabillic},
    title = {Le Château de Vincennes},
    publisher = {Editions Ouest-France/Caisse nationale des monuments historiques et des sites/Ministère de la Défense},
    series = {},
    location = {Rennes/Paris},
    year = 1994,
    pagetotal = {},
    language = {français},
    keywords = {book-crh, crh-1994}
    }

@book{Chartier4900-1994,
    author = {Chartier, Roger},
    title = {A Ordem dos livros. Leitores, autores e bibliortecas na Europa entre os séculos XIV e XVIII},
    publisher = {Editora Universidade de Brasília},
    series = {},
    location = {Brasília},
    year = 1994,
    pagetotal = {},
    language = {portugais},
    keywords = {book-crh, crh-1994}
    }

@book{Chartier4901-1994,
    author = {Chartier, Roger},
    title = {El orden de los libros, Lectores, autores y bibliotecas en Europa entre los siglos XIV y XVIII},
    publisher = {Gedisa Editorial},
    series = {},
    location = {Barcelona},
    year = 1994,
    pagetotal = {},
    language = {espagnol},
    keywords = {book-crh, crh-1994}
    }

@book{Chartier4904-1994,
    author = {Chartier, Roger},
    title = {L'Histoire aujourd'hui : doutes, défis, propositions},
    publisher = {Université de Valence},
    series = {},
    location = {Valence},
    year = 1994,
    pagetotal = {24},
    language = {français},
    keywords = {book-crh, crh-1994}
    }

@book{Chartier4905-1994,
    author = {Chartier, Roger},
    title = {Culture populaire. Retour sur un concept historiographique},
    publisher = {Université de Valence},
    series = {},
    location = {Valence},
    year = 1994,
    pagetotal = {19},
    language = {français},
    keywords = {book-crh, crh-1994}
    }

@book{Chaussinand4986-1994,
    author = {Chaussinand-Nogaret, Guy},
    title = {Le Citoyen des Lumières},
    publisher = {},
    series = {},
    location = {Bruxelles},
    year = 1994,
    pagetotal = {},
    language = {français},
    keywords = {book-crh, crh-1994}
    }

@book{Chaussinand4987-1994,
    author = {Chaussinand-Nogaret, Guy},
    title = {Voltaire et le siècle des Lumières},
    publisher = {},
    series = {},
    location = {Bruxelles},
    year = 1994,
    pagetotal = {},
    language = {français},
    keywords = {book-crh, crh-1994}
    }

@book{Depeyrot5026-1994,
    author = {Depeyrot, Georges},
    title = {Richesse et société chez les Mérovingiens et Carolingiens},
    publisher = {Errance},
    series = {},
    location = {Paris},
    year = 1994,
    pagetotal = {},
    language = {français},
    keywords = {book-crh, crh-1994}
    }

@book{Depeyrot5027-1994,
    author = {Depeyrot, Georges and S. Bourgey},
    title = {Le premier siècle, Fonds Bourgey, (collections numismatiques)},
    publisher = {Errance},
    series = {},
    location = {Paris},
    year = 1994,
    pagetotal = {},
    language = {français},
    keywords = {book-crh, crh-1994}
    }

@book{Dewerpe5081-1994,
    author = {Dewerpe, Alain},
    title = {Espion. Une Anthropologie historique du secret d'Etat contemporain},
    publisher = {Gallimard},
    series = {Bibliothèque des Histoires},
    location = {Paris},
    year = 1994,
    pagetotal = {},
    language = {français},
    keywords = {book-crh, crh-1994}
    }

@book{Farge5117-1994,
    author = {Farge, Arlette},
    title = {Le Cours ordinaire des choses dans la cité du XVIIIe siècle},
    publisher = {Librairie du XXe siècle},
    series = {},
    location = {Seuil},
    year = 1994,
    pagetotal = {},
    language = {français},
    keywords = {book-crh, crh-1994}
    }

@book{Fouché5156-1994,
    author = {Fouché, Nicole and A. Higbee},
    title = {The American Chamber of Commerce in France Centennial},
    publisher = {ACCF},
    series = {},
    location = {Paris},
    year = 1994,
    pagetotal = {},
    language = {anglais},
    keywords = {book-crh, crh-1994}
    }

@book{Green5218-1994,
    author = {Green, Nancy},
    title = {Et ils peuplèrent l'Amérique},
    publisher = {Gallimard},
    series = {collection "Découvertes"},
    location = {Paris},
    year = 1994,
    pagetotal = {},
    language = {français},
    keywords = {book-crh, crh-1994}
    }

@book{Julliard5266-1994,
    author = {Julliard, Jacques},
    title = {Ce fascisme qui vient},
    publisher = {},
    series = {},
    location = {Paris},
    year = 1994,
    pagetotal = {},
    language = {français},
    keywords = {book-crh, crh-1994}
    }

@book{LeBras5299-1994,
    author = {Le Bras, Hervé},
    title = {Le Sol et le sang},
    publisher = {},
    series = {},
    location = {Paris},
    year = 1994,
    pagetotal = {},
    language = {français},
    keywords = {book-crh, crh-1994}
    }

@book{LeBras5300-1994,
    author = {Le Bras, Hervé},
    title = {Les Limites de la planète : mythe de la nature et de la population},
    publisher = {Flammarion},
    series = {},
    location = {Paris},
    year = 1994,
    pagetotal = {},
    language = {français},
    keywords = {book-crh, crh-1994}
    }

@book{Pomian5435-1994,
    author = {Pomian, Krzysztof and J. Giedroyc},
    title = {Autobiografia na cztery rece (Autobiographie pour quatre mains)},
    publisher = {Czytelnik},
    series = {},
    location = {Varsovie},
    year = 1994,
    pagetotal = {1},
    language = {polonais},
    keywords = {book-crh, crh-1994}
    }

@book{Prochasson5468-1994,
    author = {Prochasson, Christophe and O. Wieviorka},
    title = {La France du XXe siècle. Documents d'histoire},
    publisher = {Seuil},
    series = {collection "Points-Histoire"},
    location = {Paris},
    year = 1994,
    pagetotal = {},
    language = {français},
    keywords = {book-crh, crh-1994}
    }

@book{Schmitt5516-1994,
    author = {Schmitt, Jean-Claude},
    title = {Les Revenants. Les vivants et les morts dans la société médiévale},
    publisher = {Gallimard (Bibliothèque des histoires)},
    series = {},
    location = {Paris},
    year = 1994,
    pagetotal = {},
    language = {français},
    keywords = {book-crh, crh-1994}
    }

@book{Schnapper5543-1994,
    author = {Schnapper, Dominique},
    title = {La Communauté des citoyens. Sur l'idée moderne de nation},
    publisher = {Gallimard},
    series = {NRF Essais},
    location = {Paris},
    year = 1994,
    pagetotal = {},
    language = {français},
    keywords = {book-crh, crh-1994}
    }

@book{Touati5594-1994,
    author = {Touati, Houari},
    title = {Entre Dieu et les hommes. Lettrés, saints et sorciers au Maghreb (XVIIe siècle)},
    publisher = {EHESS},
    series = {},
    location = {Paris},
    year = 1994,
    pagetotal = {},
    language = {français},
    keywords = {book-crh, crh-1994}
    }

@inproceedings{Sigaut502-1994,
    author = {Sigaut, François},
    editor = {D. A. Donath},
    title = {Agricultural Museums in France : Settings, series and processes},
    booktitle = {The Meeting of the Waters : Communities at work, Proceedings of the 1994 annual meeting conference of the association for living historical farms and agricultural museums (ALFHAM)},
    publisher = {},
    location = {},
    year = 1994,
    pagetotal = {3},
    language = {anglais},
    keywords = {inproceedings-crh, crh-1994}
    }

@inproceedings{Ozouf2606-1994,
    author = {Ozouf, Mona},
    editor = {},
    title = {La Révolution française et l'idée de fraternité},
    booktitle = {Atta della Natio Francorum,},
    publisher = {},
    location = {Bologne},
    year = 1994,
    pagetotal = {},
    language = {français},
    keywords = {inproceedings-crh, crh-1994}
    }

@inproceedings{Bonnain4812-1994,
    author = {Bonnain-Dulon, Rolande},
    editor = {},
    title = {Prélevements en milieu rural et urbain dans les Hautes-Pyrénées (1792-1795)},
    booktitle = {Actes du 115e Congrès des Sociétés Savantes d'Avignon,1990,},
    publisher = {},
    location = {},
    year = 1994,
    pagetotal = {13},
    language = {français},
    keywords = {inproceedings-crh, crh-1994}
    }

@inproceedings{Carrié4870-1994,
    author = {Carrié, Jean-Michel},
    editor = {},
    title = {Présentation de la prosopographie de l'armée romano-byzantine d'Egypte (260-642)},
    booktitle = {Actes du XXe congrès international de papyrologie},
    publisher = {},
    location = {Copenhague},
    year = 1994,
    pagetotal = {9},
    language = {français},
    keywords = {inproceedings-crh, crh-1994}
    }

@inproceedings{Goldberg5173-1994,
    author = {Goldberg, Sylvie-Anne},
    editor = {},
    title = {The Contribution of the Study of Death to Jewish Studies},
    booktitle = {Proceedings of the Eleventh World Congress of Jewish Studies,},
    publisher = {},
    location = {},
    year = 1994,
    pagetotal = {6},
    language = {anglais},
    keywords = {inproceedings-crh, crh-1994}
    }

@inproceedings{Froeschlé5593-1994,
    author = {Froeschlé-Chopard, Marie-Hélène},
    editor = {},
    title = {Les superstitions au XVIIIe siècle},
    booktitle = {Mentalités, Sorcellerie, coutumes de Provence et du comté de Nice, Actes du 3e colloque de Grasse, Grasse 1994},
    publisher = {},
    location = {Grasse},
    year = 1994,
    pagetotal = {12},
    language = {français},
    keywords = {inproceedings-crh, crh-1994}
    }

@inreference{Andreau4737-1994,
    author = {Andreau, Jean},
    editor = {Ph. Levillain},
    title = {Banque et papauté (Antiquité)},
    booktitle = {Dictionnaire de la Papauté},
    publisher = {},
    series = {},
    location = {},
    year = 1994,
    pagetotal = {2},
    language = {français},
    keywords = {dict-crh, crh-1994}
    }

@inreference{Baschet4752-1994,
    author = {Baschet, Jérôme},
    editor = {},
    title = {Article 'Diavolo'},
    booktitle = {Enciclopedia dell'arte medievale},
    publisher = {},
    series = {},
    location = {},
    year = 1994,
    pagetotal = {7},
    language = {italien},
    keywords = {dict-crh, crh-1994}
    }

@inreference{Boureau4829-1994,
    author = {Boureau, Alain},
    editor = {},
    title = {Article 'Ginzburg (Carlo)'},
    booktitle = {Dictionnaire des auteurs},
    publisher = {},
    series = {},
    location = {},
    year = 1994,
    pagetotal = {5},
    language = {français},
    keywords = {dict-crh, crh-1994}
    }

@inreference{Boureau4830-1994,
    author = {Boureau, Alain},
    editor = {},
    title = {Article 'Kantorowicz (Ernst)'},
    booktitle = {Dictionnaire des auteurs},
    publisher = {},
    series = {},
    location = {},
    year = 1994,
    pagetotal = {5},
    language = {français},
    keywords = {dict-crh, crh-1994}
    }

@inreference{Boureau4831-1994,
    author = {Boureau, Alain},
    editor = {},
    title = {Article 'Le Goff (Jacques)'},
    booktitle = {Dictionnaire des auteurs},
    publisher = {},
    series = {},
    location = {},
    year = 1994,
    pagetotal = {5},
    language = {français},
    keywords = {dict-crh, crh-1994}
    }

@inreference{Boureau4832-1994,
    author = {Boureau, Alain},
    editor = {Ph. Levillain},
    title = {Article 'Papesse Jeanne'},
    booktitle = {Dictionnaire historique de la papauté},
    publisher = {},
    series = {},
    location = {},
    year = 1994,
    pagetotal = {3},
    language = {français},
    keywords = {dict-crh, crh-1994}
    }

@inreference{Boureau4834-1994,
    author = {Boureau, Alain},
    editor = {},
    title = {Article 'Civilisation de l'Occident Médiéval'},
    booktitle = {Dictionnaire des oeuvres},
    publisher = {},
    series = {},
    location = {},
    year = 1994,
    pagetotal = {1595},
    language = {français},
    keywords = {dict-crh, crh-1994}
    }

@inreference{Boureau4835-1994,
    author = {Boureau, Alain},
    editor = {},
    title = {Article 'Fromage et les Vers (Le) '},
    booktitle = {Dictionnaire des oeuvres},
    publisher = {},
    series = {},
    location = {},
    year = 1994,
    pagetotal = {1595},
    language = {français},
    keywords = {dict-crh, crh-1994}
    }

@inreference{Boureau4836-1994,
    author = {Boureau, Alain},
    editor = {},
    title = {Article 'Deux Corps du Roi (Les)'},
    booktitle = {Dictionnaire des oeuvres},
    publisher = {},
    series = {},
    location = {},
    year = 1994,
    pagetotal = {1595},
    language = {français},
    keywords = {dict-crh, crh-1994}
    }

@inreference{Carrié4873-1994,
    author = {Carrié, Jean-Michel},
    editor = {Ph. Levillain},
    title = {Article 'Alexandrie'},
    booktitle = {Dictionnaire historique de la Papauté},
    publisher = {},
    series = {},
    location = {},
    year = 1994,
    pagetotal = {5},
    language = {français},
    keywords = {dict-crh, crh-1994}
    }

@inreference{Dewerpe5082-1994,
    author = {Dewerpe, Alain},
    editor = {},
    title = {L'usine, univers ouvrier},
    booktitle = {Encyclopédie Axis,},
    publisher = {},
    series = {},
    location = {},
    year = 1994,
    pagetotal = {4},
    language = {français},
    keywords = {dict-crh, crh-1994}
    }

@inreference{Emptoz5090-1994,
    author = {Emptoz, Gérard},
    editor = {Cl. Fontanon and A. Grelon},
    title = {Jacques Ebelmen (1814-1852), professeur de céramique},
    booktitle = {Dictionnaire biographique des Professeurs du Conservatoire national des arts et métiers},
    publisher = {},
    series = {},
    location = {},
    year = 1994,
    pagetotal = {10},
    language = {français},
    keywords = {dict-crh, crh-1994}
    }

@inreference{Emptoz5091-1994,
    author = {Emptoz, Gérard},
    editor = {},
    title = {Emile Fleurent (1865-1938), professeur de chimie industrielle},
    booktitle = {Dictionnaire biographique des Professeurs du Conservatoire national des arts et métiers, ibid.,},
    publisher = {},
    series = {},
    location = {},
    year = 1994,
    pagetotal = {6},
    language = {français},
    keywords = {dict-crh, crh-1994}
    }

@inreference{Emptoz5092-1994,
    author = {Emptoz, Gérard},
    editor = {},
    title = {Victor de Luynes (1828-1904), professeur de chimie appliquée à la teinture, impression et céramique},
    booktitle = {Dictionnaire biographique des Professeurs du Conservatoire national des arts et métiers, ibid.,},
    publisher = {},
    series = {},
    location = {},
    year = 1994,
    pagetotal = {8},
    language = {français},
    keywords = {dict-crh, crh-1994}
    }

@inreference{Fontanon5145-1994,
    author = {Fontanon, Claudine},
    editor = {Cl. Fontanon and A. Grelon},
    title = {Le Conservatoire des arts et métiers. Deux siècles d'histoire},
    booktitle = {Dictionnaire biographique des Professeurs du Conservatoire national des arts et métiers},
    publisher = {},
    series = {},
    location = {},
    year = 1994,
    pagetotal = {35},
    language = {français},
    keywords = {dict-crh, crh-1994}
    }

@inreference{Fontanon5146-1994,
    author = {Fontanon, Claudine and M. Carbonnel},
    editor = {},
    title = {Laussedat, Aimé (1819-1907)},
    booktitle = {Dictionnaire biographique des Professeurs du Conservatoire national des arts et métiers, ibid.,},
    publisher = {},
    series = {},
    location = {},
    year = 1994,
    pagetotal = {14},
    language = {français},
    keywords = {dict-crh, crh-1994}
    }

@inreference{Fontanon5147-1994,
    author = {Fontanon, Claudine},
    editor = {},
    title = {Morin, Arthur (1794-1880)},
    booktitle = {Dictionnaire biographique des Professeurs du Conservatoire national des arts et métiers, ibid.,},
    publisher = {},
    series = {},
    location = {},
    year = 1994,
    pagetotal = {11},
    language = {français},
    keywords = {dict-crh, crh-1994}
    }

@inreference{Giard5186-1994,
    author = {Giard, Luce},
    editor = {},
    title = {Article 'Réponse'},
    booktitle = {La culture des gens,},
    publisher = {},
    series = {},
    location = {Aix-en-Provence},
    year = 1994,
    pagetotal = {8},
    language = {français},
    keywords = {dict-crh, crh-1994}
    }

@inreference{Giard5187-1994,
    author = {Giard, Luce},
    editor = {},
    title = {Article 'Synthèse'},
    booktitle = {La culture des gens,},
    publisher = {},
    series = {},
    location = {Aix-en-Provence},
    year = 1994,
    pagetotal = {4},
    language = {français},
    keywords = {dict-crh, crh-1994}
    }

@inreference{Ozouf5395-1994,
    author = {Ozouf, Mona},
    editor = {},
    title = {Article 'Giacobinismo'},
    booktitle = {Encyclopedia italiana,},
    publisher = {},
    series = {},
    location = {},
    year = 1994,
    pagetotal = {},
    language = {italien},
    keywords = {dict-crh, crh-1994}
    }

@inreference{Ozouf5396-1994,
    author = {Ozouf, Mona},
    editor = {},
    title = {Article 'storia di una societa'},
    booktitle = {Encyclopedia italiana,},
    publisher = {},
    series = {},
    location = {},
    year = 1994,
    pagetotal = {},
    language = {italien},
    keywords = {dict-crh, crh-1994}
    }

@inreference{Ozouf5397-1994,
    author = {Ozouf, Mona},
    editor = {},
    title = {Article 'l'extensione di un concetto'},
    booktitle = {Encyclopedia italiana,},
    publisher = {},
    series = {},
    location = {},
    year = 1994,
    pagetotal = {},
    language = {italien},
    keywords = {dict-crh, crh-1994}
    }

@inreference{Ozouf5398-1994,
    author = {Ozouf, Mona},
    editor = {},
    title = {Article 'la forza di una traditiona'},
    booktitle = {Encyclopedia italiana,},
    publisher = {},
    series = {},
    location = {},
    year = 1994,
    pagetotal = {},
    language = {italien},
    keywords = {dict-crh, crh-1994}
    }

@inreference{Sigaut5572-1994,
    author = {Sigaut, François},
    editor = {T. Ingold},
    title = {Article 'Technology'},
    booktitle = {Companion Encyclopedia of Anthropology},
    publisher = {},
    series = {},
    location = {},
    year = 1994,
    pagetotal = {40},
    language = {anglais},
    keywords = {dict-crh, crh-1994}
    }

@proceedings{Andreau4739-1994,
    editor = {Andreau, Jean and P. Briant and R. Descat},
    editortype = {dir.},
    title = {Les Echanges dans l'Antiquité: le rôle de l'Etat},
    booktitle = {Les Echanges dans l'Antiquité: le rôle de l'Etat},
    publisher = {Musée Archéologique Dépatemental},
    location = {Saint-Bertrand-de-Comminges},
    year = 1994,
    pagetotal = {},
    language = {français},
    keywords = {proceedings-crh, crh-1994}
    }

@proceedings{Baschet4751-1994,
    editor = {Baschet, Jérôme},
    editortype = {dir.},
    title = {Bases de données iconographiques des Vidéodisques des manuscrits enluminés de la Bibliothèque Vaticane, I. Fonds de la Reine Christine, II. Fonds urbinate, III. Fonds vatican},
    booktitle = {Bases de données iconographiques des Vidéodisques des manuscrits enluminés de la Bibliothèque Vaticane, I. Fonds de la Reine Christine, II. Fonds urbinate, III. Fonds vatican},
    publisher = {},
    location = {Bibliothèque vaticane-Ecole Française de Rome-E.H.E.S.S.},
    year = 1994,
    pagetotal = {},
    language = {français},
    keywords = {proceedings-crh, crh-1994}
    }

@proceedings{Berlioz4779-1994,
    editor = {Berlioz, Jacques},
    editortype = {dir.},
    title = {Moines et religieux au Moyen Age},
    booktitle = {Moines et religieux au Moyen Age},
    publisher = {Seuil (collection Points-Histoire)},
    location = {Paris},
    year = 1994,
    pagetotal = {},
    language = {français},
    keywords = {proceedings-crh, crh-1994}
    }

@proceedings{Cohen4990-1994,
    editor = {Cohen, Yves and Jacques Tarnero},
    editortype = {dir.},
    title = {Penser la technique},
    booktitle = {Penser la technique},
    publisher = {},
    location = {},
    year = 1994,
    pagetotal = {},
    language = {français},
    keywords = {proceedings-crh, crh-1994}
    }

@proceedings{Fontanon5148-1994,
    editor = {Fontanon, Claudine and M. Le Moel and R. Saint-Paul},
    editortype = {dir.},
    title = {Le Conservatoire national des arts et métiers au coeur de Paris},
    booktitle = {Le Conservatoire national des arts et métiers au coeur de Paris},
    publisher = {Délégation à l'action artistique de la Ville de Paris},
    location = {Paris},
    year = 1994,
    pagetotal = {237},
    language = {français},
    keywords = {proceedings-crh, crh-1994}
    }

@proceedings{Fouché5153-1994,
    editor = {Fouché, Nicole},
    editortype = {dir.},
    title = {La présence américaine en France},
    booktitle = {La présence américaine en France},
    publisher = {},
    location = {},
    year = 1994,
    pagetotal = {},
    language = {français},
    keywords = {proceedings-crh, crh-1994}
    }

@proceedings{Fridenson5161-1994,
    editor = {Fridenson, Patrick},
    editortype = {dir.},
    title = {Le recours aux sciences sociales},
    booktitle = {Le recours aux sciences sociales},
    publisher = {},
    location = {},
    year = 1994,
    pagetotal = {},
    language = {français},
    keywords = {proceedings-crh, crh-1994}
    }

@proceedings{Goldberg5196-1994,
    editor = {Goldberg, Sylvie-Anne},
    editortype = {dir.},
    title = {Histoire juive, histoire des Juifs: d'autres approches},
    booktitle = {Histoire juive, histoire des Juifs: d'autres approches},
    publisher = {},
    location = {},
    year = 1994,
    pagetotal = {},
    language = {français},
    keywords = {proceedings-crh, crh-1994}
    }

@proceedings{Julia5252-1994,
    editor = {Julia, Dominique},
    editortype = {dir.},
    title = {Aux sources de la compétence professionnelle: critères scolaires et classements sociaux dans les carrières intellectuelles en Europe XVII e-XIXe siècles. (numéro spécial dela revue Paedagogica Historica. t. XXX)},
    booktitle = {Aux sources de la compétence professionnelle: critères scolaires et classements sociaux dans les carrières intellectuelles en Europe XVII e-XIXe siècles. (numéro spécial dela revue Paedagogica Historica. t. XXX)},
    publisher = {},
    location = {},
    year = 1994,
    pagetotal = {467},
    language = {français},
    keywords = {proceedings-crh, crh-1994}
    }

@proceedings{LeBras5296-1994,
    editor = {Le Bras, Hervé and C. Bonvalet and al.},
    editortype = {dir.},
    title = {Logement, mobilité et populations urbaines},
    booktitle = {Logement, mobilité et populations urbaines},
    publisher = {CNRS},
    location = {Paris},
    year = 1994,
    pagetotal = {},
    language = {français},
    keywords = {proceedings-crh, crh-1994}
    }

@proceedings{Prochasson5469-1994,
    editor = {Prochasson, Christophe and L. Gervereau},
    editortype = {dir.},
    title = {L'Affaire Dreyfus et le tournant du siècle},
    booktitle = {L'Affaire Dreyfus et le tournant du siècle},
    publisher = {Editions de la B.D.I.C.},
    location = {Nanterre},
    year = 1994,
    pagetotal = {},
    language = {français},
    keywords = {proceedings-crh, crh-1994}
    }

@proceedings{Schmitt5533-1994,
    editor = {Schmitt, Jean-Claude and Giovanni Levi},
    editortype = {dir.},
    title = {Storia dei Giovanni},
    booktitle = {Storia dei Giovanni},
    publisher = {Editori Laterza},
    location = {Rome-Bari},
    year = 1994,
    pagetotal = {},
    language = {italien},
    keywords = {proceedings-crh, crh-1994}
    }

@proceedings{Seitz5562-1994,
    editor = {Seitz, Frédéric},
    editortype = {dir.},
    title = {Architecture et métal en France, 19e-20e siècles},
    booktitle = {Architecture et métal en France, 19e-20e siècles},
    publisher = {EHESS},
    location = {Paris},
    year = 1994,
    pagetotal = {},
    language = {français},
    keywords = {proceedings-crh, crh-1994}
    }

@collection{Mane5346-1994,
    author = {Mane, Perrine},
    editor = {},
    title = {Paysans, Paysages au Moyen Age},
    booktitle = {Paysans, paysages : L'Art et la terre en Europe du Moyen Age au XXe siècle. Catalogue  d'exposition à la Bibliothèque nationale},
    publisher = {Seuil/Réuniion des Musées nationaux},
    location = {Paris},
    year = 1994,
    pagetotal = {25},
    language = {français},
    keywords = {expo-crh, crh-1994}
    }

@collection{Pomian5436-1994,
    author = {Pomian, Krzysztof},
    editor = {Ch. Georgel},
    title = {Musées français, musées européens},
    booktitle = {La Jeunesse des musées. Les musées en France au XIXe siècle. Catalogue d'exposition au musée d'Orsay},
    publisher = {Réunion des musées nationaux},
    location = {Paris},
    year = 1994,
    pagetotal = {14},
    language = {français},
    keywords = {expo-crh, crh-1994}
    }

@collection{Pomian5437-1994,
    author = {Pomian, Krzysztof},
    editor = {Ch. Brockhaus and R. Stanislawski},
    title = {Vier Europas, eine Kultur ?},
    booktitle = {Europa, Europa. Das Jahrhundert der Avantgarde in Mittel- und Osteuropa. Catalogue d'exposition},
    publisher = {},
    location = {Bonn},
    year = 1994,
    pagetotal = {3},
    language = {allemand},
    keywords = {expo-crh, crh-1994}
    }

@incollection{Goy34-1994,
    author = {Goy, Joseph},
    editor = {},
    title = {L'exploitation agricole au regard de la législation française, du code civil (1804) à la loi d'orientation agricole (1980) : un retard français ?},
    booktitle = {Entrepreneurship and the Transformation of the Economy (10th-20th Centuries). Essays in Honour of Herman Van der Wee,},
    publisher = {Leuven University Press},
    location = {Louvain},
    year = 1994,
    pagetotal = {8},
    language = {français},
    keywords = {melanges-crh, crh-1994}
    }

@incollection{Ducreux72-1994,
    author = {Ducreux-Lakits, Marie-Elisabeth},
    editor = {},
    title = {Livres d'hommes et de femmes, livres pour les hommes et pour les femmes},
    booktitle = {Husitstvi-Reformace-Renesance, Sbornik k 60. narozeninam Frantiska Smahela (Mélanges en l'honneur de Frantisek Smahel},
    publisher = {},
    location = {Prague},
    year = 1994,
    pagetotal = {31},
    language = {français},
    keywords = {melanges-crh, crh-1994}
    }

@incollection{Descimon115-1994,
    author = {Descimon, Robert},
    editor = {M. Balard and J.-C. Hervé and N. Lemaitre},
    title = {Les scrutateurs des élections échevinales à Paris (mi-XVIe / mi-XVIIe siècle). Des médiateurs de fidélité},
    booktitle = {Paris et ses campagnes sous l'Ancien Régime. Mélanges offerts à Jean Jacquart},
    publisher = {},
    location = {Paris},
    year = 1994,
    pagetotal = {15},
    language = {français},
    keywords = {melanges-crh, crh-1994}
    }

@incollection{Mane142-1994,
    author = {Mane, Perrine},
    editor = {},
    title = {Le paysan dans ses meubles},
    booktitle = {Campagnes médiévales : l'homme et son espace, Mélanges Fossier},
    publisher = {},
    location = {Paris},
    year = 1994,
    pagetotal = {14},
    language = {français},
    keywords = {melanges-crh, crh-1994}
    }

@incollection{Béaur739-1994,
    author = {Béaur, Gérard},
    editor = {},
    title = {Au comptant ou à crédit : comment financer une acquisition foncière au XVIII° siècle},
    booktitle = {Paris et ses campagnes sous l'Ancien Régime. Mélanges offerts à J. Jacquart},
    publisher = {Publications de la Sorbonne},
    location = {Paris},
    year = 1994,
    pagetotal = {10},
    language = {français},
    keywords = {melanges-crh, crh-1994}
    }

@incollection{Andreau758-1994,
    author = {Andreau, Jean},
    editor = {},
    title = {Encore quelques mots sur les latifundia},
    booktitle = {Mélanges Pierre Lévêque,},
    publisher = {Belles Lettres},
    location = {Paris},
    year = 1994,
    pagetotal = {12},
    language = {français},
    keywords = {melanges-crh, crh-1994}
    }

@incollection{Julia23-1994,
    author = {Julia, Dominique},
    editor = {J. Glénisson and S. Le Men},
    title = {Un voyage pédagogique sous la Révolution : les vacances des pensionnaires de l'École centrale de l'Eure en l'an VIII},
    booktitle = {Le Livre d'enfance et de jeunesse en France},
    publisher = {Société des bibliophiles de Guyenne},
    location = {Bordeaux},
    year = 1994,
    pagetotal = {32},
    language = {français},
    keywords = {collectif-crh, crh-1994}
    }

@incollection{Klapisch38-1994,
    author = {Klapisch-Zuber, Christiane},
    editor = {J. Chiffoleau and L. Martines and A. Paravicini Bagliani},
    title = {Les femmes dans les rituels de l'alliance et de la naissance à Florence},
    booktitle = {Riti e rituali nelle società medievali},
    publisher = {Centro italiano di studi sull'alto medioevo},
    location = {Spolète},
    year = 1994,
    pagetotal = {20},
    language = {français},
    keywords = {collectif-crh, crh-1994}
    }

@incollection{Klapisch46-1994,
    author = {Klapisch-Zuber, Christiane},
    editor = {S. Deswaerte-Rosa},
    title = {Les coffres de mariage et les plateaux d'accouchée à Florence : archive, ethnologie, iconographie},
    booktitle = {A travers l'image. Lecture iconographique et sens de l'oeuvre},
    publisher = {Klincksieck},
    location = {Paris},
    year = 1994,
    pagetotal = {15},
    language = {français},
    keywords = {collectif-crh, crh-1994}
    }

@incollection{Grinberg55-1994,
    author = {Grinberg, Martine},
    editor = {J. Chiffoleau and L. Martines and A. Paravicini Bagliani},
    title = {Le nouage rituel/droit. Les redevances seigneuriales (XIVe-XVIIIe siècles)},
    booktitle = {Riti e rituali nelle societa},
    publisher = {Centro italiano de studi sull'alto medioevo},
    location = {Spolète},
    year = 1994,
    pagetotal = {15},
    language = {français},
    keywords = {collectif-crh, crh-1994}
    }

@incollection{Fontanon69-1994,
    author = {Fontanon, Claudine and D. Pestre},
    editor = {C.Fontanon and M.Le Moel and R.Saint-Paul},
    title = {Les leçons du Dimanche},
    booktitle = {Le Conservatoire national des arts et métiers au coeur de Paris,},
    publisher = {Délégation à l'action artistique de la ville de Paris},
    location = {Paris},
    year = 1994,
    pagetotal = {7},
    language = {français},
    keywords = {collectif-crh, crh-1994}
    }

@incollection{Carrié81-1994,
    author = {Carrié, Jean-Michel},
    editor = {?},
    title = {Les échanges commerciaux et l'Etat antique tardif},
    booktitle = {Les Échanges dans l'Antiquité : le rôle de l'Etat},
    publisher = {},
    location = {Saint-Bertrand de Comminges},
    year = 1994,
    pagetotal = {37},
    language = {français},
    keywords = {collectif-crh, crh-1994}
    }

@incollection{Emptoz106-1994,
    author = {Emptoz, Gérard and Cl. Fontanon and and J.-F. Archieri},
    editor = {F. Seitz},
    title = {Le fer dans l'enseignement du Conservatoire des arts et métiers},
    booktitle = {Architecture et métal en France, l9e-20e siècles},
    publisher = {EHESS},
    location = {Paris},
    year = 1994,
    pagetotal = {16},
    language = {français},
    keywords = {collectif-crh, crh-1994}
    }

@incollection{Descimon108-1994,
    author = {Descimon, Robert},
    editor = {?},
    title = {Les ducs de Nevers au temps de Blaise de Vigenère ou la puissance de faire des hommes puissants},
    booktitle = {Blaise de Vigenère, poète et mythographe au temps de Henri III,},
    publisher = {Cahiers V.L.Saulnier},
    location = {Paris},
    year = 1994,
    pagetotal = {25},
    language = {français},
    keywords = {collectif-crh, crh-1994}
    }

@incollection{Descimon112-1994,
    author = {Descimon, Robert},
    editor = {?},
    title = {Sacrez Henri},
    booktitle = {1594. Le Sacre d'Henri IV à Chartres},
    publisher = {Musée des Beaux Arts},
    location = {Chartres},
    year = 1994,
    pagetotal = {7},
    language = {français},
    keywords = {collectif-crh, crh-1994}
    }

@incollection{Dewerpe130-1994,
    author = {Dewerpe, Alain},
    editor = {V. Castronovo},
    title = {Le maestranze e l'organizzazione del lavoro},
    booktitle = {Storia dell'Ansaldo. 1. Le origini. 1853-1882,},
    publisher = {Laterza},
    location = {Bari},
    year = 1994,
    pagetotal = {31},
    language = {italien},
    keywords = {collectif-crh, crh-1994}
    }

@incollection{Mane141-1994,
    author = {Mane, Perrine},
    editor = {?},
    title = {Les bovins dans l'agriculture médiévale et les bovidés dans le 'Tacuinum Sanitatis'},
    booktitle = {Aurochs, le retour. Les bovidés de la Préhistoire à nos jours},
    publisher = {},
    location = {Lons-le-Saunier},
    year = 1994,
    pagetotal = {119},
    language = {français},
    keywords = {collectif-crh, crh-1994}
    }

@incollection{Mane143-1994,
    author = {Mane, Perrine},
    editor = {L. Gaulin and A.J. Grieco},
    title = {I recipienti da vino nell'iconografia italiana dei secoli XIV-XV},
    booktitle = {Dala vite al vino : Fonti e problemi della vitivinicoltura italiana medievale,},
    publisher = {Ed. CLUEB},
    location = {Bologne},
    year = 1994,
    pagetotal = {32},
    language = {italien},
    keywords = {collectif-crh, crh-1994}
    }

@incollection{Fauve161-1994,
    author = {Fauve-Chamoux, Antoinette},
    editor = {A. Fauve-Chamoux and S. Sogner},
    title = {Female surplus and preindustrial work : the French urban experience},
    booktitle = {Socio-economic consequences of sex-ratios in historical perspective, 1500-1980},
    publisher = {Universita Bocconi},
    location = {Milan},
    year = 1994,
    pagetotal = {20},
    language = {anglais},
    keywords = {collectif-crh, crh-1994}
    }

@incollection{Fauve162-1994,
    author = {Fauve-Chamoux, Antoinette},
    editor = {G. Ravis-Giordani and M. Ségalen},
    title = {Mariages-sauvages contre mariages-souches},
    booktitle = {Les Cadets},
    publisher = {CNRS},
    location = {Paris},
    year = 1994,
    pagetotal = {14},
    language = {français},
    keywords = {collectif-crh, crh-1994}
    }

@incollection{LeBras170-1994,
    author = {Le Bras, Hervé},
    editor = {P. Boniface},
    title = {Guerre et Population},
    booktitle = {La Puissance internationale},
    publisher = {Dunod},
    location = {Paris},
    year = 1994,
    pagetotal = {18},
    language = {français},
    keywords = {collectif-crh, crh-1994}
    }

@incollection{LeBras171-1994,
    author = {Le Bras, Hervé},
    editor = {E. Malet},
    title = {Le droit de vote, machine à intégrer},
    booktitle = {La Xénophobie},
    publisher = {UNESCO-passages},
    location = {Paris},
    year = 1994,
    pagetotal = {5},
    language = {français},
    keywords = {collectif-crh, crh-1994}
    }

@incollection{Seitz269-1994,
    author = {Seitz, Frédéric},
    editor = {?},
    title = {L'architecture du quotidien},
    booktitle = {1794-1994, le Conservatoire national des arts et métiers au coeur de Paris},
    publisher = {Délégation à l'action artistique de la ville de Paris},
    location = {Paris},
    year = 1994,
    pagetotal = {3},
    language = {français},
    keywords = {collectif-crh, crh-1994}
    }

@incollection{Seitz305-1994,
    author = {Seitz, Frédéric},
    editor = {Cl. Fontanon and A. Grelon},
    title = {Jules Pillet (1842-1912), professeur de constructions civiles (1894-1912)},
    booktitle = {Les Professeurs du Conservatoire national des arts et métiers},
    publisher = {INRP:Conservatoire national des arts et métiers},
    location = {Paris},
    year = 1994,
    pagetotal = {13},
    language = {français},
    keywords = {collectif-crh, crh-1994}
    }

@incollection{PoloDeBeaulieu344-1994,
    author = {Polo De Beaulieu, Marie-Anne and J. Berlioz},
    editor = {?},
    title = {La transmission du savoir encyclopédique dans les recueils d'<Vvi>exempla</Vvi> (XIIIe-XVe siècles)},
    booktitle = {L'Enciclopedismo Medievale},
    publisher = {A.Longo Editore},
    location = {Ravenne},
    year = 1994,
    pagetotal = {35},
    language = {français},
    keywords = {collectif-crh, crh-1994}
    }

@incollection{Braunstein346-1994,
    author = {Braunstein, Philippe},
    editor = {?},
    title = {L'événement et la mémoire : regards privés, rapports officiels sur le couronnement romain de Frédéric III},
    booktitle = {La Circulation des nouvelles au Moyen Âge,},
    publisher = {Publications de la Sorbonne/Ecole française de Rome},
    location = {Paris/Rome},
    year = 1994,
    pagetotal = {11},
    language = {français},
    keywords = {collectif-crh, crh-1994}
    }

@incollection{Schnapper350-1994,
    author = {Schnapper, Dominique},
    editor = {M. Baldwin-Edwards and M.-A. Schain},
    title = {The debate on immigration and the crisis of national identity},
    booktitle = {The politics of immigration in Western Europ, West European Politics,},
    publisher = {},
    location = {},
    year = 1994,
    pagetotal = {13},
    language = {anglais},
    keywords = {collectif-crh, crh-1994}
    }

@incollection{Schnapper355-1994,
    author = {Schnapper, Dominique},
    editor = {?},
    title = {Le local ne remplace pas la citoyenneté},
    booktitle = {La France au-delà du XXème siècle},
    publisher = {L'Aube/Datar},
    location = {},
    year = 1994,
    pagetotal = {11},
    language = {français},
    keywords = {collectif-crh, crh-1994}
    }

@incollection{Schnapper363-1994,
    author = {Schnapper, Dominique},
    editor = {M. De Coster and F. Pichault},
    title = {Travail et chômage},
    booktitle = {Traité de sociologie du travail},
    publisher = {De Boeck},
    location = {Bruxelles},
    year = 1994,
    pagetotal = {13},
    language = {français},
    keywords = {collectif-crh, crh-1994}
    }

@incollection{Schnapper371-1994,
    author = {Schnapper, Dominique},
    editor = {J. Webber},
    title = {Israelites and Jews : New Jewish identities in France},
    booktitle = {Jewish identities in new Europe,},
    publisher = {Littmann Library of Jewish civilization},
    location = {Londres},
    year = 1994,
    pagetotal = {8},
    language = {anglais},
    keywords = {collectif-crh, crh-1994}
    }

@incollection{Schnapper377-1994,
    author = {Schnapper, Dominique},
    editor = {N. Burgi},
    title = {Le lien social : de l'Etat libéral à l'Etat démocratique},
    booktitle = {Fractures de l'Etat-nation,},
    publisher = {Kimé},
    location = {Paris},
    year = 1994,
    pagetotal = {8},
    language = {français},
    keywords = {collectif-crh, crh-1994}
    }

@incollection{Schnapper380-1994,
    author = {Schnapper, Dominique},
    editor = {?},
    title = {Le droit et le symbole},
    booktitle = {L'Action politique aujourd'hui},
    publisher = {Editions de l'association freudienne internationale},
    location = {},
    year = 1994,
    pagetotal = {9},
    language = {français},
    keywords = {collectif-crh, crh-1994}
    }

@incollection{Velay440-1994,
    author = {Velay-Vallantin, Catherine},
    editor = {G. Barone and M. Caffiero and F. Scorza Barcellona},
    title = {Evolution dans la longue durée du modèle de Marie-Madeleine à Marseille (XIIIe-XIXe siécles) : modèle de sainteté, dispositifs répressifs et prostituées},
    booktitle = {Modelli di santità e modelli di comportamento,},
    publisher = {},
    location = {Barcelone/Turin},
    year = 1994,
    pagetotal = {21},
    language = {français},
    keywords = {collectif-crh, crh-1994}
    }

@incollection{Vincent461-1994,
    author = {Vincent, Bernard},
    editor = {S. Cavaciocchi},
    title = {Le repeuplement du Royaume de Grenade (1570-1580)},
    booktitle = {Le Migrazioni in Europa sec. XIII-XVIII},
    publisher = {},
    location = {Florence},
    year = 1994,
    pagetotal = {11},
    language = {français},
    keywords = {collectif-crh, crh-1994}
    }

@incollection{Postel560-1994,
    author = {Postel-Vinay, Gilles},
    editor = {G. Grantham and M. Mckinnon},
    title = {The dis-integration of traditional labour markets in France : from agriculture and industry to agriculture or industry},
    booktitle = {Labour market evolution},
    publisher = {Routledge},
    location = {Londres},
    year = 1994,
    pagetotal = {},
    language = {anglais},
    keywords = {collectif-crh, crh-1994}
    }

@incollection{Boureau565-1994,
    author = {Boureau, Alain},
    editor = {J. Davallon and Ph. Dujardin and G. Sabatier},
    title = {Funérailles royales et théologie politique : commémoration et Etat en France, XVème-XVIIème siècles},
    booktitle = {Le Geste commémoratif},
    publisher = {CERIEP},
    location = {Lyon},
    year = 1994,
    pagetotal = {16},
    language = {français},
    keywords = {collectif-crh, crh-1994}
    }

@incollection{Bourdelais571-1994,
    author = {Bourdelais, Patrice},
    editor = {E. Vilquin},
    title = {Le métier d'historien et le temps : évolution récente, expérimentations},
    booktitle = {Le Temps et la démographie},
    publisher = {Academia/L'Harmattan},
    location = {Louvain-la-Neuve/Paris},
    year = 1994,
    pagetotal = {24},
    language = {français},
    keywords = {collectif-crh, crh-1994}
    }

@incollection{Boureau584-1994,
    author = {Boureau, Alain},
    editor = {C. Delacroix and C. Thiébault and M. Zancarini-Fournel},
    title = {La causalité en histoire},
    booktitle = {L'Histoire entre épistémologie et demande sociale},
    publisher = {},
    location = {Créteil/Toulouse/Versailles},
    year = 1994,
    pagetotal = {18},
    language = {français},
    keywords = {collectif-crh, crh-1994}
    }

@incollection{Prochasson611-1994,
    author = {Prochasson, Christophe},
    editor = {M. Drouin},
    title = {Le colonel Georges Picquart (1854-1914)},
    booktitle = {L'Affaire Dreyfus de A à Z},
    publisher = {Flammarion},
    location = {Paris},
    year = 1994,
    pagetotal = {5},
    language = {français},
    keywords = {collectif-crh, crh-1994}
    }

@incollection{Prochasson615-1994,
    author = {Prochasson, Christophe},
    editor = {G. Candar and M. Rebérioux},
    title = {Jaurès et les revues},
    booktitle = {Jaurès et les intellectuels},
    publisher = {Editions de l'Atelier},
    location = {Paris},
    year = 1994,
    pagetotal = {},
    language = {français},
    keywords = {collectif-crh, crh-1994}
    }

@incollection{Poublan634-1994,
    author = {Poublan, Danièle},
    editor = {M. Bossis},
    title = {Une correspondance familiale au XIXe siècle},
    booktitle = {La Lettre à la croisée de l'individuel et du social,},
    publisher = {Kimé},
    location = {Paris},
    year = 1994,
    pagetotal = {8},
    language = {français},
    keywords = {collectif-crh, crh-1994}
    }

@incollection{Bruhns647-1994,
    author = {Bruhns, Hinnerk},
    editor = {Ch. Meier},
    title = {Verwandtschaftsstrukturen und ihre Bedeutung für die antike Stadt. Von Max Weber zur französischen Sozialanthropologie},
    booktitle = {Zugehörigkeitsstrukturen in der Stadt der Antike und des Mittelalters. Sechs Studien nach Max Weber,},
    publisher = {Oldenbourg},
    location = {Munich},
    year = 1994,
    pagetotal = {36},
    language = {allemand},
    keywords = {collectif-crh, crh-1994}
    }

@incollection{Braunstein653-1994,
    author = {Braunstein, Philippe},
    editor = {M. Del Treppo},
    title = {Imagini di una identità collettiva : gli ospiti del Fondaco dei Tedeschi a Venezia (secoli XII-XVII)},
    booktitle = {Sistema di rapporti e élites economiche in Europa (secoli XII-XVII),},
    publisher = {Liguori Editore},
    location = {Naples},
    year = 1994,
    pagetotal = {7},
    language = {italien},
    keywords = {collectif-crh, crh-1994}
    }

@incollection{Braunstein654-1994,
    author = {Braunstein, Philippe},
    editor = {?},
    title = {Les métiers du métal. Travail et entreprise à la fin du Moyen Âge},
    booktitle = {Les Métiers au Moyen Âge. Aspects économiques et sociaux},
    publisher = {Institut d'Etudes médiévales de l'université catholique de Louvain},
    location = {Louvain-la-neuve},
    year = 1994,
    pagetotal = {12},
    language = {français},
    keywords = {collectif-crh, crh-1994}
    }

@incollection{Julliard656-1994,
    author = {Julliard, Jacques},
    editor = {?},
    title = {Les antinomies de la Révolution française},
    booktitle = {L'Héritage politique de la Révolution française},
    publisher = {},
    location = {Lille},
    year = 1994,
    pagetotal = {16},
    language = {français},
    keywords = {collectif-crh, crh-1994}
    }

@incollection{PoloDeBeaulieu659-1994,
    author = {Polo De Beaulieu, Marie-Anne},
    editor = {?},
    title = {Des histoires et des images au service de la prédication, la <Vvi>Scala coeli</Vvi> de Jean Gobi},
    booktitle = {De l'Homélie au Sermon},
    publisher = {Université catholique de Louvain},
    location = {Louvain},
    year = 1994,
    pagetotal = {35},
    language = {français},
    keywords = {collectif-crh, crh-1994}
    }

@incollection{PoloDeBeaulieu660-1994,
    author = {Polo De Beaulieu, Marie-Anne},
    editor = {?},
    title = {De la rumeur aux textes : échos de l'apparition du revenant d'Alès (1323)},
    booktitle = {La Circulation des nouvelles au Moyen Age},
    publisher = {Publications de la Sorbonne},
    location = {Paris},
    year = 1994,
    pagetotal = {29},
    language = {français},
    keywords = {collectif-crh, crh-1994}
    }

@incollection{PoloDeBeaulieu661-1994,
    author = {Polo De Beaulieu, Marie-Anne},
    editor = {P. A. Sigal},
    title = {Modèles et contre-modèles du pélerin dans les recueils d'<Vvi>exempla</Vvi>},
    booktitle = {L'Image du pélerin au Moyen Age et sous l'Ancien Régime},
    publisher = {},
    location = {Rocamadour},
    year = 1994,
    pagetotal = {17},
    language = {français},
    keywords = {collectif-crh, crh-1994}
    }

@incollection{Carrié662-1994,
    author = {Carrié, Jean-Michel},
    editor = {P. Lamaison},
    title = {L'Empire romain et les invasions},
    booktitle = {Généalogie de l'Europe},
    publisher = {},
    location = {Paris},
    year = 1994,
    pagetotal = {4},
    language = {français},
    keywords = {collectif-crh, crh-1994}
    }

@incollection{Burguière672-1994,
    author = {Burguière, André},
    editor = {L. Vadjova},
    title = {L'Anthropologie historique et l'Ecole des Annales},
    booktitle = {Les Approches et les méthodes interdisciplinaires de recherche en sciences sociales,},
    publisher = {EHESS/Institut français de Bratislava},
    location = {Paris/Bratislava},
    year = 1994,
    pagetotal = {14},
    language = {français},
    keywords = {collectif-crh, crh-1994}
    }

@incollection{Pomian680-1994,
    author = {Pomian, Krzysztof},
    editor = {A. Grote and Al.},
    title = {Sammlungen - eine historische Typologie},
    booktitle = {Macrocosmos in Microcosmo. Die Welt in der Stube. Zur Geschichte des Sammelns 1450 bis 1800},
    publisher = {},
    location = {Opladen},
    year = 1994,
    pagetotal = {20},
    language = {allemand},
    keywords = {collectif-crh, crh-1994}
    }

@incollection{Bourguet706-1994,
    author = {Bourguet, Marie-Noëlle},
    editor = {G. Assereto},
    title = {L'inchiesta e il territorio : la statistica dipartimentale nel periodo napoleonico},
    booktitle = {Statistique des provinces de Savone, d'Oneille, d'Acqui et de partie de la province de Montenotte par le compte de Chabrol de Volvic},
    publisher = {},
    location = {Savone},
    year = 1994,
    pagetotal = {25},
    language = {italien},
    keywords = {collectif-crh, crh-1994}
    }

@incollection{Bourguet707-1994,
    author = {Bourguet, Marie-Noëlle},
    editor = {?},
    title = {De la population à la science sociale : l'anthropologie de Moheau},
    booktitle = {Recherches et considérations sur la population de la France (1},
    publisher = {INED},
    location = {Paris},
    year = 1994,
    pagetotal = {24},
    language = {français},
    keywords = {collectif-crh, crh-1994}
    }

@incollection{Pomian708-1994,
    author = {Pomian, Krzysztof},
    editor = {G. Ferretti and Al.},
    title = {Le peculiarità storiche dell'Europa centrale e orientale},
    booktitle = {La Cultura per la nuova Europa},
    publisher = {Accademia marchigiana di Scienze, Lettere ed Arti},
    location = {Ancona},
    year = 1994,
    pagetotal = {20},
    language = {italien},
    keywords = {collectif-crh, crh-1994}
    }

@incollection{Schaub719-1994,
    author = {Schaub, Jean-Frédéric},
    editor = {J-M. Scholz},
    title = {La visita de Diogo Soares : un procès politique en Castille au 17e siècle},
    booktitle = {Fallstudien zur spanischen und portugieisichen Justiz 15. bis. 20 Jahrhundert,},
    publisher = {Vittorio Klostermann},
    location = {Francfort},
    year = 1994,
    pagetotal = {29},
    language = {français},
    keywords = {collectif-crh, crh-1994}
    }

@incollection{Baschet722-1994,
    author = {Baschet, Jérôme},
    editor = {?},
    title = {Image et événement : l'art sans la Peste (1348-1400) ?},
    booktitle = {La Peste nera : dati di una realtà ed elementi di una interpretazione, Convegno del Centro di Studi sul Basso Medioevo di Todi},
    publisher = {},
    location = {Todi},
    year = 1994,
    pagetotal = {23},
    language = {français},
    keywords = {collectif-crh, crh-1994}
    }

@incollection{Schmitt724-1994,
    author = {Schmitt, Jean-Claude},
    editor = {?},
    title = {Rituels de l'image et récits de vision},
    booktitle = {Testo e immagine nell' alto medioevo,},
    publisher = {Centro italiano di studi sull'alto medioevo},
    location = {Spolète},
    year = 1994,
    pagetotal = {44},
    language = {français},
    keywords = {collectif-crh, crh-1994}
    }

@incollection{Schmitt744-1994,
    author = {Schmitt, Jean-Claude},
    editor = {O. Burgelin and Ph. Perro},
    title = {Die Moral der Gesten. Von den römischen Antike bis zum Hochmittellater},
    booktitle = {Vom ewigen Zwang zu gefallen Etikette und aüssere Erscheinung,},
    publisher = {Reclam Verlag},
    location = {Leipzig},
    year = 1994,
    pagetotal = {29},
    language = {allemand},
    keywords = {collectif-crh, crh-1994}
    }

@incollection{Schmitt749-1994,
    author = {Schmitt, Jean-Claude},
    editor = {F. Lepori E F. Santi},
    title = {Une histoire religieuse du Moyen Age est-elle possible ? (Jalons pour une anthropologie historique du christianisme médiéval)},
    booktitle = {Il Mestiere di storico del medioevo},
    publisher = {Centro italiano di studi sull'alto medioevo},
    location = {Spolète},
    year = 1994,
    pagetotal = {11},
    language = {français},
    keywords = {collectif-crh, crh-1994}
    }

@incollection{Andreau753-1994,
    author = {Andreau, Jean},
    editor = {?},
    title = {Pompéi et le ravitaillement en blé et autres produits de l'agriculture (Ier siècle ap. J.-C.)},
    booktitle = {L'Italie méridionale et le ravitaillement en blé de Rome et des centres urbains, des débuts de la République jusqu'au Haut Empire},
    publisher = {},
    location = {Naples-Rome},
    year = 1994,
    pagetotal = {8},
    language = {français},
    keywords = {collectif-crh, crh-1994}
    }

@incollection{Scherrer755-1994,
    author = {Scherrer, Jutta},
    editor = {V. Strada},
    title = {Bogdanov e Capri},
    booktitle = {L'Altra Rivoluzione},
    publisher = {},
    location = {Capri},
    year = 1994,
    pagetotal = {21},
    language = {italien},
    keywords = {collectif-crh, crh-1994}
    }

@incollection{Andreau761-1994,
    author = {Andreau, Jean},
    editor = {E. Lo Cascio and D. Rathbone},
    title = {Comment la res publica ne pouvait pas ne pas influer sur la vie économique},
    booktitle = {Production and Public Powers in Antiquity},
    publisher = {},
    location = {Milan},
    year = 1994,
    pagetotal = {10},
    language = {français},
    keywords = {collectif-crh, crh-1994}
    }

@incollection{Andreau762-1994,
    author = {Andreau, Jean},
    editor = {?},
    title = {L'Italie impériale et les provinces, Déséquilibre des échanges et flux monétaires},
    booktitle = {L'Italie d'Auguste à Dioclétien},
    publisher = {Ecole française de Rome},
    location = {Rome},
    year = 1994,
    pagetotal = {29},
    language = {français},
    keywords = {collectif-crh, crh-1994}
    }

@incollection{Scherrer763-1994,
    author = {Scherrer, Jutta},
    editor = {V. Ju. Cernajaev},
    title = {Politiceskaja kul'tura revoljucii i revoljucionnaja kul'tura},
    booktitle = {Anatomija revoljucii},
    publisher = {},
    location = {St-Petersbourg},
    year = 1994,
    pagetotal = {8},
    language = {russe},
    keywords = {collectif-crh, crh-1994}
    }

@incollection{Andreau765-1994,
    author = {Andreau, Jean},
    editor = {?},
    title = {La Cité romaine dans ses rapports à l'échange et au monde de l'échange},
    booktitle = {Les Echanges dans l'Antiquité : le rôle de l'Etat,},
    publisher = {Musée archéologique départemental},
    location = {Saint-Bertrand-de-Comminges},
    year = 1994,
    pagetotal = {16},
    language = {français},
    keywords = {collectif-crh, crh-1994}
    }

@incollection{Scherrer774-1994,
    author = {Scherrer, Jutta},
    editor = {?},
    title = {Zur Situation der Intellektuellen im heutigen Russland},
    booktitle = {Deutschland-Russland},
    publisher = {},
    location = {Stuttgart},
    year = 1994,
    pagetotal = {11},
    language = {allemand},
    keywords = {collectif-crh, crh-1994}
    }

@incollection{Andreau779-1994,
    author = {Andreau, Jean},
    editor = {Cl. Nicolet},
    title = {Pouvoirs publics et archives des banquiers professionnels},
    booktitle = {La Mémoire perdue},
    publisher = {Publications de la Sorbonne},
    location = {Paris},
    year = 1994,
    pagetotal = {18},
    language = {français},
    keywords = {collectif-crh, crh-1994}
    }

@incollection{Béaur780-1994,
    author = {Béaur, Gérard},
    editor = {M. Dorban and P. Servais},
    title = {La circulation des immeubles urbains dans la longue durée : le marché chartrain entre 1740 et 1860},
    booktitle = {Les Mouvements longs des marchés immobiliers ruraux et urbains en Europe (XVI°-XIX° siècles)},
    publisher = {Academia},
    location = {Louvain-la-Neuve},
    year = 1994,
    pagetotal = {18},
    language = {français},
    keywords = {collectif-crh, crh-1994}
    }

@incollection{Schmitt794-1994,
    author = {Schmitt, Jean-Claude},
    editor = {M. Aubrun and G. Audisio and B. Dompnier and A. Gueslin},
    title = {Au Moyen Age : l'Eglise, l'argent et les images},
    booktitle = {Entre idéal et réalité},
    publisher = {Faculté des lettres et sciences humaines de l'université de Clermont-Ferrand},
    location = {Clermont-Ferrand},
    year = 1994,
    pagetotal = {9},
    language = {français},
    keywords = {collectif-crh, crh-1994}
    }

@incollection{Bergeron821-1994,
    author = {Bergeron, Louis},
    editor = {G Heuberger},
    title = {The Myth of the Banker in France in the 19th and 20th Centuries},
    booktitle = {The Rothschilds. Essays on the History of a European Family},
    publisher = {},
    location = {Sigmaringen},
    year = 1994,
    pagetotal = {10},
    language = {anglais},
    keywords = {collectif-crh, crh-1994}
    }

@incollection{Rucquoi823-1994,
    author = {Rucquoi, Adeline and D. Menjot},
    editor = {?},
    title = {Les Etats chrétiens de la Péninsule ibérique},
    booktitle = {L'Europe occidentale chrétienne au XIIe siècle,},
    publisher = {Cours du CNED},
    location = {Paris},
    year = 1994,
    pagetotal = {},
    language = {français},
    keywords = {collectif-crh, crh-1994}
    }

@incollection{Rucquoi830-1994,
    author = {Rucquoi, Adeline},
    editor = {?},
    title = {Lo judio en la cultura universitaria a finales del siglo XV},
    booktitle = {Xudeus e Conversos na Historia,},
    publisher = {},
    location = {Santiago de Compostelle},
    year = 1994,
    pagetotal = {18},
    language = {espagnol},
    keywords = {collectif-crh, crh-1994}
    }

@incollection{Berlioz846-1994,
    author = {Berlioz, Jacques and M.-A. Polo de Beaulieu},
    editor = {Michelangelo Picone},
    title = {Les recueils d'exempla et la diffusion de l'encyclopédisme médiéval},
    booktitle = {L'enciclopedismo medievale},
    publisher = {Longo},
    location = {Ravenne},
    year = 1994,
    pagetotal = {34},
    language = {français},
    keywords = {collectif-crh, crh-1994}
    }

@incollection{Amiel853-1994,
    author = {Amiel, Charles},
    editor = {C. Barros},
    title = {Los ritos judaicos en los edictos de fe ibéricos},
    booktitle = {Judeus e conversos na historia},
    publisher = {},
    location = {Santiago de Compostela},
    year = 1994,
    pagetotal = {},
    language = {espagnol},
    keywords = {collectif-crh, crh-1994}
    }

@incollection{Noiriel1685-1994,
    author = {Noiriel, Gérard},
    editor = {J. Chevallier},
    title = {'L'identité nationale' dans l'historiographie française. Note sur un problème},
    booktitle = {L'identité politigue},
    publisher = {PUF},
    location = {Paris},
    year = 1994,
    pagetotal = {12},
    language = {français},
    keywords = {collectif-crh, crh-1994}
    }

@incollection{Delille1726-1994,
    author = {Delille, Gérard},
    editor = {?},
    title = {Consanguinité proche en Italie du XVIe au XIXe siècle},
    booktitle = {Épouser au plus proche - Inceste, prohibition et stratégies matrimoniales autour de la Méditerranée,},
    publisher = {EHESS},
    location = {Paris},
    year = 1994,
    pagetotal = {18},
    language = {français},
    keywords = {collectif-crh, crh-1994}
    }

@incollection{Demelas2030-1994,
    author = {Demelas, Marie-Danièle},
    editor = {A.Annino and L.Castro Leiva and F.X.Guerra},
    title = {Pactismo y constitucionalismo en los Andes},
    booktitle = {De los Imperios a las naciones : Iberoamérica,},
    publisher = {Forum international des sciences humaines-Ibercaja},
    location = {Zaragoza},
    year = 1994,
    pagetotal = {16},
    language = {espagnol},
    keywords = {collectif-crh, crh-1994}
    }

@incollection{Demelas2047-1994,
    author = {Demelas, Marie-Danièle},
    editor = {?},
    title = {Je suis oiseau; voyez mes ailes... Je suis souris : vive les rats !},
    booktitle = {L'expression des identités américaines à partir de 1492, Caravelle},
    publisher = {},
    location = {Toulouse},
    year = 1994,
    pagetotal = {13},
    language = {français},
    keywords = {collectif-crh, crh-1994}
    }

@incollection{Netter2082-1994,
    author = {Netter, Marie-Laurence},
    editor = {F. Hamon and J. Lelièvre},
    title = {La Révolution comme scène primitive de la démocratie en France},
    booktitle = {L'Héritage politique de la Révolution française},
    publisher = {Presses universitaires de Lille},
    location = {Lille},
    year = 1994,
    pagetotal = {9},
    language = {français},
    keywords = {collectif-crh, crh-1994}
    }

@incollection{Noiriel2093-1994,
    author = {Noiriel, Gérard},
    editor = {B. Falga and C. Leggewie and C. Wihtol De Wenden},
    title = {La nationalité au miroir des mots},
    booktitle = {De l'Immigration à l'intégration en France et en Allemagne},
    publisher = {Cerf},
    location = {Paris},
    year = 1994,
    pagetotal = {11},
    language = {français},
    keywords = {collectif-crh, crh-1994}
    }

@incollection{Dauphin2112-1994,
    author = {Dauphin-Memeteau, Cécile},
    editor = {M. Bossis},
    title = {Une correspondance familiale au XIXe siècle : mise en scène du geste d'écriture},
    booktitle = {La Lettre à la croisée de l'individuel et du social},
    publisher = {Kimé},
    location = {Paris},
    year = 1994,
    pagetotal = {},
    language = {français},
    keywords = {collectif-crh, crh-1994}
    }

@incollection{Ozouf2182-1994,
    author = {Ozouf-Marignier, Marie-Vic},
    editor = {G. Assereto},
    title = {Profilo biografico di un grande funzionario},
    booktitle = {G. Chabrol de Volvic, Statistica del dipartimento di Montenotte},
    publisher = {},
    location = {Savona},
    year = 1994,
    pagetotal = {17},
    language = {italien},
    keywords = {collectif-crh, crh-1994}
    }

@incollection{Peter2281-1994,
    author = {Peter, Jean-Pierre},
    editor = {M. Lagrée and F. Lebrun},
    title = {Jacques Léonard ou l'éthique de l'historien},
    booktitle = {Pour l'Histoire de la Médecine},
    publisher = {Presse universitaires de Rennes},
    location = {Rennes},
    year = 1994,
    pagetotal = {8},
    language = {français},
    keywords = {collectif-crh, crh-1994}
    }

@incollection{Chartier2301-1994,
    author = {Chartier, Roger},
    editor = {?},
    title = {Die Welt als Repräsentation},
    booktitle = {Alles Gewordene hat Geschichte. Die Schule der Annales in ihren Texten 1929-1992,},
    publisher = {Reclam Verlag},
    location = {Leipzig},
    year = 1994,
    pagetotal = {28},
    language = {allemand},
    keywords = {collectif-crh, crh-1994}
    }

@incollection{Ozouf2302-1994,
    author = {Ozouf-Marignier, Marie-Vic},
    editor = {G. Chianéa and R. Chagny and J.-W. Dereymez},
    title = {Les dimensions du département : la permanence d'un débat},
    booktitle = {Le Département, hier, aujourd'hui, demain},
    publisher = {},
    location = {Grenoble},
    year = 1994,
    pagetotal = {9},
    language = {français},
    keywords = {collectif-crh, crh-1994}
    }

@incollection{Chartier2486-1994,
    author = {Chartier, Roger},
    editor = {G. Chartron and S. Fayet-Scribe and B. Guyot and J.-M. Noyer},
    title = {Du codex à l'écran : les trajectoires de l'écrit},
    booktitle = {Pour une nouvelle économie du savoir},
    publisher = {presse universitaires de Rennes},
    location = {Rennes},
    year = 1994,
    pagetotal = {13},
    language = {français},
    keywords = {collectif-crh, crh-1994}
    }

@incollection{Chartier2497-1994,
    author = {Chartier, Roger},
    editor = {H.-G. Haupt},
    title = {Der Lesezirkel},
    booktitle = {Orte des Alltags, Miniaturen aus der europaïschen kulturgeschichte},
    publisher = {Verlag C.H.Beck},
    location = {Munich},
    year = 1994,
    pagetotal = {9},
    language = {allemand},
    keywords = {collectif-crh, crh-1994}
    }

@incollection{Chartier2643-1994,
    author = {Chartier, Roger},
    editor = {G. Baldissone},
    title = {Biblioteche senza muri. Dalla Libraria di Anton Francesco Doni alle Bibliothèques di La Croix du Maine e di Du Verdier},
    booktitle = {Biblioteca, Metafore e progetti},
    publisher = {Franco Angeli},
    location = {Milan},
    year = 1994,
    pagetotal = {24},
    language = {italien},
    keywords = {collectif-crh, crh-1994}
    }

@incollection{Chartier2673-1994,
    author = {Chartier, Roger},
    editor = {J. L. Mc Clain and J. M. Merriman and U. Kaoru},
    title = {Power, Space, and Investments in Paris},
    booktitle = {Edo and Paris. Urban Life and the State in the Early Modern Era},
    publisher = {Cornell University Press},
    location = {Ithaca/londres},
    year = 1994,
    pagetotal = {21},
    language = {anglais},
    keywords = {collectif-crh, crh-1994}
    }

@incollection{Chartier2674-1994,
    author = {Chartier, Roger},
    editor = {B. Sherman and A. Strowel},
    title = {Figures of the Author},
    booktitle = {Of Authors and Origins. Essays on Copyright Law},
    publisher = {Clarendon Press},
    location = {Oxford},
    year = 1994,
    pagetotal = {16},
    language = {anglais},
    keywords = {collectif-crh, crh-1994}
    }

@incollection{Chartier2693-1994,
    author = {Chartier, Roger},
    editor = {J. Goldstein},
    title = {The Chimera of the Origin : Archaeology, Cultural History, and the French Revolution},
    booktitle = {Foucault and the Writing of History},
    publisher = {Blackwell},
    location = {Oxford/Cambridge Mass.},
    year = 1994,
    pagetotal = {20},
    language = {anglais},
    keywords = {collectif-crh, crh-1994}
    }

@incollection{Pesez2768-1994,
    author = {Pesez, Jean-Marie},
    editor = {R. Francovich and G. Noyé},
    title = {La Sicile au haut Moyen Age. Fortifications, constructions, monuments},
    booktitle = {La storia dell'alto medioevo italiano (VI-X secolo) alla luce dell'archeologia},
    publisher = {},
    location = {Florence},
    year = 1994,
    pagetotal = {7},
    language = {français},
    keywords = {collectif-crh, crh-1994}
    }

@incollection{Nordman3069-1994,
    author = {Nordman, Daniel},
    editor = {Renzo Zorzi and Florence and Leo S. Olschki},
    title = {Frontière et découverte (XVe-XVIe siècles)},
    booktitle = {L'Epopea delle scoperte},
    publisher = {Leo S.Olschki},
    location = {Florence},
    year = 1994,
    pagetotal = {21},
    language = {français},
    keywords = {collectif-crh, crh-1994}
    }

@incollection{Cohen3219-1994,
    author = {Cohen, Yves},
    editor = {A. Grelon and H. Stück},
    title = {Betriebsingenieure versus Diplomingenieure},
    booktitle = {Ingenieure in Frankreich, 1747-1990},
    publisher = {Campus},
    location = {Francfort},
    year = 1994,
    pagetotal = {16},
    language = {allemand},
    keywords = {collectif-crh, crh-1994}
    }

@incollection{Ozouf4732-1994,
    author = {Ozouf, Mona},
    editor = {?},
    title = {The Terror after the Terror : an immediate history},
    booktitle = {The French Revolution and the creation of Modern Political Culture,},
    publisher = {Pergamon Press},
    location = {Oxford},
    year = 1994,
    pagetotal = {16},
    language = {anglais},
    keywords = {collectif-crh, crh-1994}
    }

@incollection{Fontanon4971-1994,
    author = {Fontanon, Claudine},
    editor = {C.Fontanon and M.Le Moel and R.Saint-Paul},
    title = {Le laboratoire expérimental de Mécanique},
    booktitle = {Le Conservatoire national des arts et métiers au coeur de Paris,},
    publisher = {Délégation à l'action artistique de la ville de Paris},
    location = {Paris},
    year = 1994,
    pagetotal = {8},
    language = {français},
    keywords = {collectif-crh, crh-1994}
    }

@incollection{Giard4983-1994,
    author = {Giard, Luce and M. de Certeau},
    editor = {?},
    title = {L'ordinaire de la communication},
    booktitle = {La Prise de parole et autres écrits politiques,},
    publisher = {Seuil},
    location = {Paris},
    year = 1994,
    pagetotal = {60},
    language = {français},
    keywords = {collectif-crh, crh-1994}
    }

@incollection{Kriegel5034-1994,
    author = {Kriegel, Maurice},
    editor = {P. Lamaison},
    title = {Le judaïsme entre tradition et modernité},
    booktitle = {Généalogie de l'Europe},
    publisher = {Hachette},
    location = {Paris},
    year = 1994,
    pagetotal = {4},
    language = {français},
    keywords = {collectif-crh, crh-1994}
    }

@incollection{Froeschlé5087-1994,
    author = {Froeschlé-Chopard, Marie-Hélène},
    editor = {?},
    title = {Confréries et Iconographie du Rosaire en Provence orientale (XVIIe-XVIIIe siècles)},
    booktitle = {De France en Nouvelle-France,},
    publisher = {Presses universitaires d'Ottawa},
    location = {Ottawa},
    year = 1994,
    pagetotal = {30},
    language = {français},
    keywords = {collectif-crh, crh-1994}
    }

@incollection{Goldberg5162-1994,
    author = {Goldberg, Sylvie-Anne},
    editor = {J. Baumgarten and R. Ertel and I. Nieborski and A. Wieviorka and Paris and Liana Levi},
    title = {Vivre en société traditionnelle achkenaze},
    booktitle = {Mille ans de cultures achkénazes},
    publisher = {Liana Levi},
    location = {Paris},
    year = 1994,
    pagetotal = {15},
    language = {français},
    keywords = {collectif-crh, crh-1994}
    }

@incollection{Goldberg5163-1994,
    author = {Goldberg, Sylvie-Anne},
    editor = {J. Baumgarten and R. Ertel and I. Nieborski and A. Wieviorka and Paris and Liana Levi},
    title = {L'émergence du modèle communautaire : législations et privilèges},
    booktitle = {Mille ans de cultures achkénazes},
    publisher = {Liana Levi},
    location = {Paris},
    year = 1994,
    pagetotal = {13},
    language = {français},
    keywords = {collectif-crh, crh-1994}
    }

@incollection{Kriegel5231-1994,
    author = {Kriegel, Maurice},
    editor = {L. Mayali},
    title = {La redéfinition de la condition des Juifs comme 'serfs de la Chambre' : les réactions juives},
    booktitle = {Identité et droit de l'Autre},
    publisher = {University of California},
    location = {Berkeley},
    year = 1994,
    pagetotal = {10},
    language = {français},
    keywords = {collectif-crh, crh-1994}
    }

@incollection{Hartog5236-1994,
    author = {Hartog, François},
    editor = {J. Guilaine and S. Settis},
    title = {Connaissance de soi. Connaissance de l'autre},
    booktitle = {Storia dell' Europa},
    publisher = {},
    location = {},
    year = 1994,
    pagetotal = {33},
    language = {français},
    keywords = {collectif-crh, crh-1994}
    }

@incollection{LeBras5284-1994,
    author = {Le Bras, Hervé},
    editor = {D. Reher and R. Schoffield},
    title = {Simulation of change to validate Demographic Analysis},
    booktitle = {Old and New Methods in Historical Demography,},
    publisher = {Clarendon press},
    location = {Oxford},
    year = 1994,
    pagetotal = {22},
    language = {anglais},
    keywords = {collectif-crh, crh-1994}
    }

@incollection{Fridenson5294-1994,
    author = {Fridenson, Patrick},
    editor = {R. Hudemann and G.-H. Soutou},
    title = {Les patronats allemands et français au XXe siècle. Essai de comparaison},
    booktitle = {Eliten in Deutschland und Frankreich im 19. und 20. Jarhrhundert. Strukturen und Beziehungen},
    publisher = {R.Oldenbourg},
    location = {Munich},
    year = 1994,
    pagetotal = {15},
    language = {français},
    keywords = {collectif-crh, crh-1994}
    }

@incollection{Fridenson5295-1994,
    author = {Fridenson, Patrick},
    editor = {J.-Ph. Bouilloud and B.-P. Lécuyer},
    title = {La circulation internationale des modes managériales},
    booktitle = {L'Invention de la gestion. Histoire et pratiques},
    publisher = {L'Harmattan},
    location = {Paris},
    year = 1994,
    pagetotal = {9},
    language = {français},
    keywords = {collectif-crh, crh-1994}
    }

@incollection{Mouradian5359-1994,
    author = {Mouradian, Claire},
    editor = {Dagnaud},
    title = {Article 'Arménie'},
    booktitle = {Le Guide de la presse},
    publisher = {Aophom},
    location = {Paris},
    year = 1994,
    pagetotal = {3},
    language = {français},
    keywords = {collectif-crh, crh-1994}
    }

@incollection{Fontanon5419-1994,
    author = {Fontanon, Claudine},
    editor = {C.Fontanon and M.Le Moel and R.Saint-Paul},
    title = {Les conférences d'Actualités (1926-1960)},
    booktitle = {Le Conservatoire national des arts et métiers au coeur de Paris,},
    publisher = {Délégation à l'action artistique de la ville de Paris},
    location = {Paris},
    year = 1994,
    pagetotal = {5},
    language = {français},
    keywords = {collectif-crh, crh-1994}
    }

@incollection{Ducreux5431-1994,
    author = {Ducreux-Lakits, Marie-Elisabeth},
    editor = {?},
    title = {Kniha a kacirství, zpusob cetby a knizní politika v Cechách 18. Stoleti (L'hérésie et le livre, lectures et politique du livre en Bohême au 18e siècle)},
    booktitle = {Ceska literatura doby baroka, Sbornik prispevku k ceské literature 17. a 18. stoleti, Literarni archiv},
    publisher = {},
    location = {Prague},
    year = 1994,
    pagetotal = {28},
    language = {tchèque},
    keywords = {collectif-crh, crh-1994}
    }

@incollection{Pomian5442-1994,
    author = {Pomian, Krzysztof},
    editor = {T. Di Tella},
    title = {El partido : fuerza dirigente o instrumento de dominacion ?},
    booktitle = {Introduccion a la sociologia},
    publisher = {Eudeba},
    location = {Buenos Aires},
    year = 1994,
    pagetotal = {8},
    language = {espagnol},
    keywords = {collectif-crh, crh-1994}
    }

@incollection{LeBras5464-1994,
    author = {Le Bras, Hervé},
    editor = {?},
    title = {Mutations des équilibres démographiques},
    booktitle = {Prospective et territoire,},
    publisher = {La Documentation française},
    location = {Paris},
    year = 1994,
    pagetotal = {18},
    language = {français},
    keywords = {collectif-crh, crh-1994}
    }

@incollection{LeBras5465-1994,
    author = {Le Bras, Hervé},
    editor = {J. Brun and C. Rhein},
    title = {Echelle et ségrégation},
    booktitle = {La Ségrégation dans la ville,},
    publisher = {L'Harmattan},
    location = {Paris},
    year = 1994,
    pagetotal = {15},
    language = {français},
    keywords = {collectif-crh, crh-1994}
    }

@incollection{Scherrer5507-1994,
    author = {Scherrer, Jutta},
    editor = {R. Philippe},
    title = {Herder, la Russie et l'Europe : de l'idée d'humanité à l'idée de nationalité},
    booktitle = {L'Homme des lumières. De Paris à Petersbourg},
    publisher = {},
    location = {},
    year = 1994,
    pagetotal = {11},
    language = {français},
    keywords = {collectif-crh, crh-1994}
    }

@incollection{LeBras5536-1994,
    author = {Le Bras, Hervé},
    editor = {F. Terré},
    title = {Suicide individuel, suicide social},
    booktitle = {Le Suicide, droit, éthique et société,},
    publisher = {PUF},
    location = {Paris},
    year = 1994,
    pagetotal = {},
    language = {français},
    keywords = {collectif-crh, crh-1994}
    }

@incollection{Jouhaud5616-1994,
    author = {Jouhaud, Christian},
    editor = {R. Burt},
    title = {Power and Literature: the terms of the exchange (1624-1642)},
    booktitle = {The Adminisitration of Aesthetics},
    publisher = {University of Minnesota Press},
    location = {Minnesota},
    year = 1994,
    pagetotal = {49},
    language = {anglais},
    keywords = {collectif-crh, crh-1994}
    }

@incollection{Jorland5619-1994,
    author = {Jorland, Gérard},
    editor = {B. Hamminga and N.B. De Marchi},
    title = {Idealization and transformation},
    booktitle = {Idealization in Economics},
    publisher = {},
    location = {Rodopi},
    year = 1994,
    pagetotal = {11},
    language = {anglais},
    keywords = {collectif-crh, crh-1994}
    }

@incollection{Jorland5620-1994,
    author = {Jorland, Gérard},
    editor = {?},
    title = {Koyré phénoménologue ?},
    booktitle = {Alexandre Koyré. L'avventura intellettuale},
    publisher = {Edizioni scientifiche italiane},
    location = {},
    year = 1994,
    pagetotal = {22},
    language = {français},
    keywords = {collectif-crh, crh-1994}
    }

@incollection{Julia5624-1994,
    author = {Julia, Dominique},
    editor = {P. A. Sigal},
    title = {Compostelle, Lorette, Rome : l'image du pèlerin d'après les archives de la répression},
    booktitle = {L'Image du pèlerin au Moyen Age et sous l'Ancien Régime,},
    publisher = {Association des amis de Rocamadour},
    location = {Rocamadour},
    year = 1994,
    pagetotal = {12},
    language = {français},
    keywords = {collectif-crh, crh-1994}
    }

@incollection{Hartog5628-1994,
    author = {Hartog, François},
    editor = {Jean-Claude Berchet},
    title = {Les anciens, les modernes, les sauvages ou le 'temps' des sauvages},
    booktitle = {Chateaubriand le tremblement du temps},
    publisher = {Presses universitaires du Mirail},
    location = {Toulouse},
    year = 1994,
    pagetotal = {24},
    language = {français},
    keywords = {collectif-crh, crh-1994}
    }

@incollection{Demelas5630-1994,
    author = {Demelas, Marie-Danièle},
    editor = {A.Annino and L.Castro Leiva and F.X.Guerra},
    title = {Estado y actores colectivos. El caso de los Andes},
    booktitle = {De los Imperios a las naciones : Iberoamérica},
    publisher = {Forum international des sciences humaines-Ibercaja},
    location = {Zaragoza},
    year = 1994,
    pagetotal = {28},
    language = {espagnol},
    keywords = {collectif-crh, crh-1994}
    }

@article{Carrié4871-1994,
    author = {Carrié, Jean-Michel},
    title = {Avant-propos. Il y a dix-sept siècles, la Tétrarchie …},
    journal = {Antiquité Tardive},
    year = 1994,
    language = {français},
    keywords = {intro-journal-crh, crh-1994}
    }

@article{Jouhaud5249-1994,
    author = {Jouhaud, Christian},
    title = {présentation du dossier littérature et histoire},
    journal = {Annales. Histoire, Sciences Sociales},
    year = 1994,
    language = {français},
    keywords = {intro-journal-crh, crh-1994}
    }

@incollection{LeBras5301-1994,
    author = {Le Bras, Hervé},
    editor = {},
    title = {Suicide et liberté},
    booktitle = {Le Suicide en prison},
    publisher = {L'Harmattan},
    location = {Paris},
    year = 1994,
    pagetotal = {},
    language = {français},
    keywords = {preface-book-crh, crh-1994}
    }

@incollection{Schmitt5518-1994,
    author = {Schmitt, Jean-Claude},
    editor = {},
    title = {préface},
    booktitle = {Jean Gobi. Dialogue avec un fantôme,},
    publisher = {Les Belles Lettres},
    location = {Paris},
    year = 1994,
    pagetotal = {22},
    language = {français},
    keywords = {preface-book-crh, crh-1994}
    }

@incollection{Vincent5607-1994,
    author = {Vincent, Bernard},
    editor = {F.Haddad-Chamakh and A.Baccar-Bournaz},
    title = {postface},
    booktitle = {L'écho de la prise de Grenade dans la culture européenne aux XVIe et XVIIe siècles},
    publisher = {},
    location = {Tunis},
    year = 1994,
    pagetotal = {2},
    language = {français},
    keywords = {preface-book-crh, crh-1994}
    }

@book{LeMée219-1994,
    author = {Le Mée, René},
    title = {M.Moheau, Recherches et Considérations sur la population de la France (1778).},
    publisher = {Editions de l'INED},
    series = {},
    location = {Paris},
    year = 1994,
    pagetotal = {53},
    language = {français},
    % addendum = {Jean-Baptiste Moheau (1745-1794) et les Recherches, un auteur énigmatique ou mythique ?},
    keywords = {edition-txt-crh, crh-1994}
    }

@book{Aymard4747-1994,
    author = {Aymard, Maurice},
    title = {La guerra e le false notizie. Ricordi (1914-1915) e riflessioni (1921)},
    publisher = {Donzelli},
    series = {},
    location = {Rome},
    year = 1994,
    pagetotal = {},
    language = {italien},
    % addendum = {introduction à la traduction},
    keywords = {edition-txt-crh, crh-1994}
    }

@book{Bergeron4771-1994,
    author = {Bergeron, Louis},
    title = {De l'Industrie française,},
    publisher = {},
    series = {},
    location = {Paris},
    year = 1994,
    pagetotal = {},
    language = {français},
    % addendum = {édition},
    keywords = {edition-txt-crh, crh-1994}
    }

@book{Chartier4919-1994,
    author = {Chartier, Roger},
    title = {Mémoires sur la librairie, Mémoires sur la liberté de la presse},
    publisher = {Imprimerie nationale},
    series = {},
    location = {Paris},
    year = 1994,
    pagetotal = {47},
    language = {français},
    % addendum = {présentation},
    keywords = {edition-txt-crh, crh-1994}
    }

@book{Chartier4920-1994,
    author = {Chartier, Roger},
    title = {Sport et civilisation. La violence maîtrisée},
    publisher = {Fayard},
    series = {},
    location = {Paris},
    year = 1994,
    pagetotal = {18},
    language = {français},
    % addendum = {avant-propos: Le sport ou la libération contrôlée des émotions},
    keywords = {edition-txt-crh, crh-1994}
    }

@book{Fabre5105-1994,
    author = {Fabre, Pierre-Antoine},
    title = {De la Représentation},
    publisher = {Gallimard/Seuil/EHESS},
    series = {},
    location = {Paris},
    year = 1994,
    pagetotal = {},
    language = {français},
    % addendum = {édition},
    keywords = {edition-txt-crh, crh-1994}
    }

@book{Giard5180-1994,
    author = {Giard, Luce},
    title = {Histoire et méthodologie des sciences,},
    publisher = {},
    series = {},
    location = {Paris},
    year = 1994,
    pagetotal = {43},
    language = {français},
    % addendum = {introduction: L'impossible désir du rationnel},
    keywords = {edition-txt-crh, crh-1994}
    }

@book{Giard5181-1994,
    author = {Giard, Luce},
    title = {La prise de parole et autres écrits politiques},
    publisher = {Seuil},
    series = {},
    location = {Paris},
    year = 1994,
    pagetotal = {},
    language = {français},
    % addendum = {La prise de parole et autres écrits politiques,},
    keywords = {edition-txt-crh, crh-1994}
    }

@book{Nordman5386-1994,
    author = {Nordman, Daniel and F.Labourie},
    title = {L'Ecole normale de l'an III. Edition de Volney-Buache de la Neuville et Mentelle-Vandermonde: Leçons d'histoire, de géographie, d'économie politique},
    publisher = {Dunod},
    series = {},
    location = {Paris},
    year = 1994,
    pagetotal = {486},
    language = {français},
    % addendum = {introduction générale},
    keywords = {edition-txt-crh, crh-1994}
    }

@book{PoloDeBeaulieu5426-1994,
    author = {Polo De Beaulieu, Marie-Anne},
    title = {Dialogue avec un fantôme},
    publisher = {Les belles lettres},
    series = {},
    location = {Paris},
    year = 1994,
    pagetotal = {},
    language = {français},
    % addendum = {édition},
    keywords = {edition-txt-crh, crh-1994}
    }

@report{Chapelot4882-1994,
    author = {Chapelot, Jean and O. Chapelot and O. Blin and C. Carrierre-Desbois,},
    title = {Le Manoir capétien de Vincennes. Rapport de fouille (Années 1992-1993)},
    publisher = {},
    institution = {Equipe de recherche sur le château de Vincennes et la banlieue est},
    location = {},
    year = 1994,
    pagetotal = {},
    language = {français},
    keywords = {report-crh, crh-1994}
    }

@report{Chapelot4884-1994,
    author = {Chapelot, Jean and O. Chapelot and V. Hébrard},
    title = {L'Enceinte du donjon de Vincennes : évolution du XIVe siècle à nos jours. L'aménagement des lieux et la couverture. Les matériaux de couverture en Ile-de-France. Etude préalable à la restauration des couvertures du chemin de ronde du donjon},
    publisher = {},
    institution = {Equipe de recherche sur le château de Vincennes et la banlieue est},
    location = {},
    year = 1994,
    pagetotal = {},
    language = {français},
    keywords = {report-crh, crh-1994}
    }

@report{Chapelot4885-1994,
    author = {Chapelot, Jean and C. Carrierre-Desbois and and P. MacIntyre},
    title = {Le Manoir médiéval de Vincennes. Rapport de fouille. III},
    publisher = {},
    institution = {Equipe de recherche sur le château de Vincennes et la banlieue est},
    location = {},
    year = 1994,
    pagetotal = {},
    language = {français},
    keywords = {report-crh, crh-1994}
    }

@report{Chapelot4894-1994,
    author = {Chapelot, Odette and J. Chapelot and O. Blin and C. Carrierre-Desbois et},
    title = {Le Manoir capétien de Vincennes. Rapport de fouille (Années 1992-1993)},
    publisher = {},
    institution = {Equipe de recherche sur le château de Vincennes et la banlieue est},
    location = {},
    year = 1994,
    pagetotal = {},
    language = {français},
    keywords = {report-crh, crh-1994}
    }

@report{Chapelot4895-1994,
    author = {Chapelot, Odette and J. Chapelot and V. Hébrard},
    title = {L'Enceinte du donjon de Vincennes : évolution du XIVe siècle à nos jours. L'aménagement des lieux et la couverture. Les matériaux de couverture en Ile-de-France. Etude préalable à la restauration des couvertures du chemin de ronde du donjon},
    publisher = {},
    institution = {Equipe de recherche sur le château de Vincennes et la banlieue est},
    location = {},
    year = 1994,
    pagetotal = {},
    language = {français},
    keywords = {report-crh, crh-1994}
    }

@book{Berlioz4777-1994,
    author = {Berlioz, Jacques},
    editor = {},
    title = {Identifier sources et citations (2e édition augmentée)},
    publisher = {Brepols},
    series = {},
    location = {Turnhout},
    year = 1994,
    pagetotal = {},
    language = {français},
    addendum = {réédition},
    keywords = {reedition-crh, crh-1994}
    }

@book{Chartier4898-1994,
    author = {Chartier, Roger},
    editor = {},
    title = {The Order of Books. Readers, Authors, and Libraries in Europe between the Fourteenth and Eigteenth Centuries},
    publisher = {Polity Press/Stanford University Press},
    series = {},
    location = {Cambridge/ Stanford},
    year = 1994,
    pagetotal = {126},
    language = {anglais},
    addendum = {réédition},
    keywords = {reedition-crh, crh-1994}
    }

@book{Chartier4899-1994,
    author = {Chartier, Roger},
    editor = {},
    title = {L'ordine dei libri},
    publisher = {Il Saggiatore},
    series = {},
    location = {Milan},
    year = 1994,
    pagetotal = {},
    language = {italien},
    addendum = {réédition},
    keywords = {reedition-crh, crh-1994}
    }

@book{Chartier4902-1994,
    author = {Chartier, Roger},
    editor = {},
    title = {Les Origines culturelles de la révolution française (en Janopais)},
    publisher = {Iwanami Shoten},
    series = {},
    location = {Tokyo},
    year = 1994,
    pagetotal = {},
    language = {japonais},
    addendum = {réédition},
    keywords = {reedition-crh, crh-1994}
    }

@book{Chartier4903-1994,
    author = {Chartier, Roger},
    editor = {},
    title = {Lecturas y lectores en la Francia del Antiguo Régimen},
    publisher = {Instituto Mora},
    series = {},
    location = {México},
    year = 1994,
    pagetotal = {},
    language = {espagnol},
    addendum = {réédition},
    keywords = {reedition-crh, crh-1994}
    }

@book{Giard5185-1994,
    author = {Giard, Luce and M. de Certeau and P. Mayol},
    editor = {},
    title = {L'Invention du quotidien},
    publisher = {Paris},
    series = {},
    location = {nouvelle édition revue et augmentée},
    year = 1994,
    pagetotal = {},
    language = {français},
    addendum = {réédition},
    keywords = {reedition-crh, crh-1994}
    }

@book{Lepetit5322-1994,
    author = {Lepetit, Bernard},
    editor = {},
    title = {The Pre-Industrial Urban System : France 1740-1840},
    publisher = {M.S.H.},
    series = {},
    location = {Cambridge University Press/Paris},
    year = 1994,
    pagetotal = {},
    language = {anglais},
    addendum = {réédition},
    keywords = {reedition-crh, crh-1994}
    }

@book{Schnapper5558-1994,
    author = {Schnapper, Dominique},
    editor = {},
    title = {avant-propos à la nouvelle édition: l'épreuve du chomage quinze ans après},
    publisher = {Gallimard},
    series = {Folio-actuel},
    location = {Paris},
    year = 1994,
    pagetotal = {41},
    language = {français},
    addendum = {réédition},
    keywords = {reedition-crh, crh-1994}
    }

@book{Grinberg5227-1994,
    author = {Grinberg, Martine and C. Gréard and Y. Trabut},
    editor = {},
    title = {Table analytique des Annales, Economies Sociétés Civilisations, 1989-1993},
    publisher = {Armand Colin},
    series = {},
    location = {Paris},
    year = 1994,
    pagetotal = {},
    language = {français},
    keywords = {outil-recherche-crh, crh-1994}
    }

@book{Motte5355-1994,
    author = {Motte, Claude and J.-P. Kintz},
    editor = {},
    title = {Haut-Rhin et Territoire de Belfort, Dictionnaire des Paroisses et Communes de France, Histoire administrative et démographique},
    publisher = {},
    series = {},
    location = {Paris},
    year = 1994,
    pagetotal = {},
    language = {français},
    keywords = {outil-recherche-crh, crh-1994}
    }

@incollection{Lepetit5323-1994,
    author = {Lepetit, Bernard},
    editor = {},
    title = {Ségrégations urbaines : approches et formes spatiales. Considérations impertinentes},
    booktitle = {Réalités, évolutions et représentations des ségrégations urbaines en France de la fin de l'Ancien Régime aux années 1960},
    publisher = {ENS de Fontenay-Saint-Cloud, Centre d'histoire urbaine},
    series = {},
    location = {Paris},
    year = 1994,
    pagetotal = {},
    language = {français},
    keywords = {art-rapport-crh, crh-1994}
    }

