@article{Emptoz207-1996,
    author = {Emptoz, Gérard},
    title = {Trois chimistes en quête d'industrie : Gay-Lussac, Thenard et Chevreul},
    journal = {Science et technique en perspective},
    year = 1996,
    language = {français},
    keywords = {art-crh, crh-1996}
    }

@article{Vincent438-1996,
    author = {Vincent, Bernard and A. Stella},
    title = {L'Europe, marché aux esclaves},
    journal = {L'Histoire},
    year = 1996,
    language = {français},
    keywords = {art-crh, crh-1996}
    }

@article{Biquard606-1996,
    author = {Biquard, Claire},
    title = {Saint-Adjutor, sa vie et son culte (XIIe-XXe siècles)},
    journal = {Cahiers Léopold Delisle},
    year = 1996,
    language = {français},
    keywords = {art-crh, crh-1996}
    }

@article{Revel817-1996,
    author = {Revel, Jacques},
    title = {Historia y Ciencias Sociales : una confrontación inestable},
    journal = {Estudios Sociales},
    year = 1996,
    language = {espagnol},
    keywords = {art-crh, crh-1996}
    }

@article{Mouradian1864-1996,
    author = {Mouradian, Claire},
    title = {Le retour de l'U.R.S.S. ?},
    journal = {Politique internationale},
    year = 1996,
    language = {français},
    keywords = {art-crh, crh-1996}
    }

@article{Andreau4745-1996,
    author = {Andreau, Jean},
    title = {La vérité en 36 000 signes},
    journal = {Cahiers du Centre de Recherches Historiques},
    year = 1996,
    language = {français},
    keywords = {art-crh, crh-1996}
    }

@article{Andreau4746-1996,
    author = {Andreau, Jean},
    title = {L'impresa finanziaria romana},
    journal = {Labeo},
    year = 1996,
    language = {italien},
    keywords = {art-crh, crh-1996}
    }

@article{Baschet4757-1996,
    author = {Baschet, Jérôme},
    title = {Inventivité et sérialité des images médiévales. Pour une approche iconographique élargie},
    journal = {Annales. Histoire, Sciences Sociales,},
    year = 1996,
    language = {français},
    keywords = {art-crh, crh-1996}
    }

@article{Béaur4762-1996,
    author = {Béaur, Gérard},
    title = {Age critique ou âge de raison ? Les dix ans d'<Vvi>Histoire \& Mesure</Vvi>},
    journal = {Histoire et Mesure},
    year = 1996,
    language = {français},
    keywords = {art-crh, crh-1996}
    }

@article{Benoît4768-1996,
    author = {Benoît, Serge},
    title = {Paysans et proto-industrie en Bourgogne du Nord à l'époque moderne},
    journal = {Histoire et Sociétés Rurales},
    year = 1996,
    language = {français},
    keywords = {art-crh, crh-1996}
    }

@article{Berlioz4794-1996,
    author = {Berlioz, Jacques},
    title = {Le procès de l'usurier},
    journal = {L'Histoire},
    year = 1996,
    language = {français},
    keywords = {art-crh, crh-1996}
    }

@article{Beutler4802-1996,
    author = {Beutler, Corinne},
    title = {Le timon de la charrue et de l'araire},
    journal = {La Lettre de l'AFMA},
    year = 1996,
    language = {français},
    keywords = {art-crh, crh-1996}
    }

@article{Blanquie4809-1996,
    author = {Blanquie, Christophe},
    title = {Bussy-Rabutin : la cour vue d'exil},
    journal = {Cahiers Saint Simon},
    year = 1996,
    language = {français},
    keywords = {art-crh, crh-1996}
    }

@article{Blanquie4810-1996,
    author = {Blanquie, Christophe},
    title = {Saint-Simon et le refus des bulles},
    journal = {Cahiers Saint-Simon},
    year = 1996,
    language = {français},
    keywords = {art-crh, crh-1996}
    }

@article{Bonnain4819-1996,
    author = {Bonnain-Dulon, Rolande},
    title = {Houses, Heirs and non-Heirs in the Adour Valley : Social and Geographic Mobility in the Nineteenth Century},
    journal = {The History of the Family},
    year = 1996,
    language = {anglais},
    keywords = {art-crh, crh-1996}
    }

@article{Bourdelais4824-1996,
    author = {Bourdelais, Patrice},
    title = {Retraite : le conflit des représentations},
    journal = {Le Débat},
    year = 1996,
    language = {français},
    keywords = {art-crh, crh-1996}
    }

@article{Bourdelais4825-1996,
    author = {Bourdelais, Patrice},
    title = {Le vieillissement de la population française : de quoi parle-t-on ?},
    journal = {La Santé de l'Homme},
    year = 1996,
    language = {français},
    keywords = {art-crh, crh-1996}
    }

@article{Bourdelais4826-1996,
    author = {Bourdelais, Patrice and M. Demonet},
    title = {The evolution of Mortality in an Industrial Town : Le Creusot in the Nineteenth Century},
    journal = {The History of the Family},
    year = 1996,
    language = {anglais},
    keywords = {art-crh, crh-1996}
    }

@article{Bourdelais4827-1996,
    author = {Bourdelais, Patrice},
    title = {Pour un renouvellement de la Démographie Historique},
    journal = {Annales de Démographie Historique,},
    year = 1996,
    language = {français},
    keywords = {art-crh, crh-1996}
    }

@article{Bourdelais4828-1996,
    author = {Bourdelais, Patrice},
    title = {Un seuil évolutif d'âge de la vieillesse : approches comparées France-Suède},
    journal = {Annales de Démographie Historique},
    year = 1996,
    language = {français},
    keywords = {art-crh, crh-1996}
    }

@article{Boureau4845-1996,
    author = {Boureau, Alain},
    title = {Pour une histoire comparée du voeu},
    journal = {Cahiers du Centre de Recherches Historiques},
    year = 1996,
    language = {français},
    keywords = {art-crh, crh-1996}
    }

@article{Boureau4846-1996,
    author = {Boureau, Alain},
    title = {Un royal individu},
    journal = {Critique},
    year = 1996,
    language = {français},
    keywords = {art-crh, crh-1996}
    }

@article{Braunstein4855-1996,
    author = {Braunstein, Philippe},
    title = {La peine des hommes est-elle objet d'histoire ?},
    journal = {Médiévales,},
    year = 1996,
    language = {français},
    keywords = {art-crh, crh-1996}
    }

@article{Bruhns4860-1996,
    author = {Bruhns, Hinnerk},
    title = {Max Weber, l'économie, l'histoire},
    journal = {Annales. Histoire, Sciences Sociales},
    year = 1996,
    language = {français},
    keywords = {art-crh, crh-1996}
    }

@article{Carrié4875-1996,
    author = {Carrié, Jean-Michel and R. Teja},
    title = {Une inscription de Cantabrie (?) : fiscalité tardive ou délimitation de parcellaire ?},
    journal = {Antiquité Tardive},
    year = 1996,
    language = {français},
    keywords = {art-crh, crh-1996}
    }

@article{Chartier4967-1996,
    author = {Chartier, Roger},
    title = {Poder y escritura : El príncipe, la biblioteca y la dedicatoria (Siglos XV-XVII)},
    journal = {Manuscrits. Revista d'Historia Moderna,},
    year = 1996,
    language = {espagnol},
    keywords = {art-crh, crh-1996}
    }

@article{Chartier4968-1996,
    author = {Chartier, Roger},
    title = {George Dandin, ou la leçon de civilité},
    journal = {Revue d'Histoire Littéraire de la France},
    year = 1996,
    language = {français},
    keywords = {art-crh, crh-1996}
    }

@article{Chartier4972-1996,
    author = {Chartier, Roger},
    title = {Rappresentazione della Pratica, Pratica della Rappresentazione},
    journal = {Quaderni Storici},
    year = 1996,
    language = {italien},
    keywords = {art-crh, crh-1996}
    }

@article{Chartier4973-1996,
    author = {Chartier, Roger},
    title = {Els camins de la cultura escrita},
    journal = {L'Avenç,},
    year = 1996,
    language = {portugais},
    keywords = {art-crh, crh-1996}
    }

@article{Cohen4996-1996,
    author = {Cohen, Yves},
    title = {L'invention des techniciens sociaux. Du commandement social après juin 1936 chez Peugeot},
    journal = {Actes de la recherche en sciences sociales},
    year = 1996,
    language = {français},
    keywords = {art-crh, crh-1996}
    }

@article{Cohen4997-1996,
    author = {Cohen, Yves},
    title = {Mouvement social et politiques d'organisation : Peugeot et le Pays de Montbéliard de 1919 à 1922},
    journal = {Le Mouvement social},
    year = 1996,
    language = {français},
    keywords = {art-crh, crh-1996}
    }

@article{Cohen4998-1996,
    author = {Cohen, Yves},
    title = {Le plan en action (Ford, Citroën, l'Union soviétique et le programme de production, années 1913-1931)},
    journal = {Actes du G.E.R.P.I.S.A. réseau international},
    year = 1996,
    language = {français},
    keywords = {art-crh, crh-1996}
    }

@article{Cohen4999-1996,
    author = {Cohen, Yves},
    title = {La culture d'un producteur : Ernest Mattern, homme de l'automobile},
    journal = {Le Culture della tecnica},
    year = 1996,
    language = {français},
    keywords = {art-crh, crh-1996}
    }

@article{Dakhlia5004-1996,
    author = {Dakhlia, Jocelyne},
    title = {Du sacré duel au sacré débattu : la légitimité en écho des souverains maghrébins},
    journal = {al-Qantara},
    year = 1996,
    language = {français},
    keywords = {art-crh, crh-1996}
    }

@article{Dauphin5008-1996,
    author = {Dauphin-Memeteau, Cécile},
    title = {The Construction of Femininity in the Epistolary Manuals of Nineteenth Century France},
    journal = {Journal of Women's Studies},
    year = 1996,
    language = {anglais},
    keywords = {art-crh, crh-1996}
    }

@article{Debert5010-1996,
    author = {Debert, Aline},
    title = {L'illustration dans les missels des XVIIe et XVIIIe siècles},
    journal = {Chroniques d'art sacré},
    year = 1996,
    language = {français},
    keywords = {art-crh, crh-1996}
    }

@article{Demelas5019-1996,
    author = {Demelas, Marie-Danièle},
    title = {El mapa y el territorio},
    journal = {Historia y Cultura},
    year = 1996,
    language = {espagnol},
    keywords = {art-crh, crh-1996}
    }

@article{Depeyrot5043-1996,
    author = {Depeyrot, Georges},
    title = {Julien premier empereur parisien},
    journal = {Les Dossiers de la monnaie,},
    year = 1996,
    language = {français},
    keywords = {art-crh, crh-1996}
    }

@article{Depeyrot5044-1996,
    author = {Depeyrot, Georges},
    title = {Mérovingiens et Carolingiens},
    journal = {Les Dossiers de la monnaie,},
    year = 1996,
    language = {français},
    keywords = {art-crh, crh-1996}
    }

@article{Derouet5055-1996,
    author = {Derouet, Bernard},
    title = {Nuptiality and family reproduction in male-inheritance systems : reflections on the example of Franche-Comté (17th-18th centuries)},
    journal = {The History of the Family : An International Quarterly},
    year = 1996,
    language = {anglais},
    keywords = {art-crh, crh-1996}
    }

@article{Derouet5056-1996,
    author = {Derouet, Bernard},
    title = {Souvenir de familles. Trois siècles de mutations},
    journal = {Panoramiques,},
    year = 1996,
    language = {français},
    keywords = {art-crh, crh-1996}
    }

@article{Desaive5063-1996,
    author = {Desaive, Jean-Paul},
    title = {Des charrettes et des blés : l'approvisionnement du marché d'Auxerre au XVIIIe siècle},
    journal = {Histoire et Sociétés Rurales,},
    year = 1996,
    language = {français},
    keywords = {art-crh, crh-1996}
    }

@article{Dewerpe5085-1996,
    author = {Dewerpe, Alain},
    title = {Genèse et crise de la société salariale},
    journal = {Le Mouvement Social,},
    year = 1996,
    language = {français},
    keywords = {art-crh, crh-1996}
    }

@article{Emptoz5103-1996,
    author = {Emptoz, Gérard},
    title = {Le bois : histoire et modernité},
    journal = {Sciences et Techniques en perspective},
    year = 1996,
    language = {français},
    keywords = {art-crh, crh-1996}
    }

@article{Emptoz5104-1996,
    author = {Emptoz, Gérard},
    title = {Quelles recherches pour la mise en valeur d'instruments scientifiques ? Le cas de la collection Clair au Musée Crozatier},
    journal = {Musées et recherche,},
    year = 1996,
    language = {français},
    keywords = {art-crh, crh-1996}
    }

@article{Fabre5109-1996,
    author = {Fabre, Pierre-Antoine},
    title = {L'institution d'un texte fondateur. La tradition orale des écrits d'Ignace de Loyola dans l'histoire et dans l'historiographie de la Compagnie de Jésus au XVIe siècle},
    journal = {Enquête},
    year = 1996,
    language = {français},
    keywords = {art-crh, crh-1996}
    }

@article{Fabre5110-1996,
    author = {Fabre, Pierre-Antoine},
    title = {L'effraction de s'ordonner. Note sur la conclusion du voeu monastique selon la <Vvi>Règle du Maître</Vvi>},
    journal = {Cahiers du Centre de Recherches Historiques},
    year = 1996,
    language = {français},
    keywords = {art-crh, crh-1996}
    }

@article{Fabre5112-1996,
    author = {Fabre, Pierre-Antoine},
    title = {SURREXIT. Travailler avec 'Textes en représentation'},
    journal = {Critique},
    year = 1996,
    language = {français},
    keywords = {art-crh, crh-1996}
    }

@article{Fabre5113-1996,
    author = {Fabre, Pierre-Antoine},
    title = {Des images dans le jardin},
    journal = {Pages/paysages},
    year = 1996,
    language = {français},
    keywords = {art-crh, crh-1996}
    }

@article{Fabre5114-1996,
    author = {Fabre, Pierre-Antoine},
    title = {Une relique d'écriture},
    journal = {XVIIe siècle},
    year = 1996,
    language = {français},
    keywords = {art-crh, crh-1996}
    }

@article{Fabre5115-1996,
    author = {Fabre, Pierre-Antoine},
    title = {Ignace de Loyola a-t-il vraiment brûlé le Journal [de ses] motions intérieures ? Fondation, tradition, fiction, méconnaissance},
    journal = {L'Inactuel},
    year = 1996,
    language = {français},
    keywords = {art-crh, crh-1996}
    }

@article{Fabre5116-1996,
    author = {Fabre, Pierre-Antoine},
    title = {Rhétorique, mystique et lieu de l'image. Roland Barthes, lecteur des Exercices spirituels d'Ignace de Loyola},
    journal = {Communications},
    year = 1996,
    language = {français},
    keywords = {art-crh, crh-1996}
    }

@article{Fauve5130-1996,
    author = {Fauve-Chamoux, Antoinette},
    title = {Beyond adoption : Orphans and family strategies in pre-industrial France},
    journal = {The History of the Family, an International Quarterly},
    year = 1996,
    language = {anglais},
    keywords = {art-crh, crh-1996}
    }

@article{Fontaine5141-1996,
    author = {Fontaine, Laurence},
    title = {Gli studi sulla mobilita in Europa nell'età moderna : problemi e prospettive di ricerca},
    journal = {Quaderni Storici,},
    year = 1996,
    language = {italien},
    keywords = {art-crh, crh-1996}
    }

@article{Fontanon5151-1996,
    author = {Fontanon, Claudine},
    title = {Gustave Eiffel et le vent},
    journal = {Cahiers de Sciences et Vie,},
    year = 1996,
    language = {français},
    keywords = {art-crh, crh-1996}
    }

@article{Fouché5158-1996,
    author = {Fouché, Nicole},
    title = {L'Etat américain est-il libéral ?},
    journal = {Histoire et anthropologie},
    year = 1996,
    language = {français},
    keywords = {art-crh, crh-1996}
    }

@article{Fridenson5170-1996,
    author = {Fridenson, Patrick},
    title = {Les liens entre la société et l'entreprise : trois perspectives},
    journal = {Le Mouvement Social,},
    year = 1996,
    language = {français},
    keywords = {art-crh, crh-1996}
    }

@article{Fridenson5172-1996,
    author = {Fridenson, Patrick},
    title = {Les écoles d'apprentissage : quelques questions},
    journal = {Actes du G.E.R.P.I.S.A.},
    year = 1996,
    language = {français},
    keywords = {art-crh, crh-1996}
    }

@article{Fridenson5177-1996,
    author = {Fridenson, Patrick},
    title = {Multinationals : the cultural dimension},
    journal = {Business and Economic History,},
    year = 1996,
    language = {anglais},
    keywords = {art-crh, crh-1996}
    }

@article{Giard5192-1996,
    author = {Giard, Luce},
    title = {Cómo la redaccion de las Constituciones acompanó a la creación de la Compania de Jesus},
    journal = {Historia y Grafia,},
    year = 1996,
    language = {espagnol},
    keywords = {art-crh, crh-1996}
    }

@article{Giard5194-1996,
    author = {Giard, Luce and D. Julia and J. Ahearne},
    title = {Feux persistants. Entretien sur Michel de Certeau},
    journal = {Esprit,},
    year = 1996,
    language = {français},
    keywords = {art-crh, crh-1996}
    }

@article{Godet5195-1996,
    author = {Godet, Martine},
    title = {L'oeuvre dénaturée. Un cas de censure cinématographique dans l'URSS de Khrouchtchev},
    journal = {Annales. Histoire, Sciences Sociales},
    year = 1996,
    language = {français},
    keywords = {art-crh, crh-1996}
    }

@article{Goldberg5205-1996,
    author = {Goldberg, Sylvie-Anne},
    title = {On the Margins of French Historiography : Once again, the History of the Jews},
    journal = {Shofar, An Interdisciplinary Journal of Jewish Studies,},
    year = 1996,
    language = {anglais},
    keywords = {art-crh, crh-1996}
    }

@article{Goubert5207-1996,
    author = {Goubert, Jean-Pierre},
    title = {L'étude de cas : un dialogue entre histoire sociale et biographie médicale},
    journal = {História, Ciências, Saùde-Manguinhos,},
    year = 1996,
    language = {français},
    keywords = {art-crh, crh-1996}
    }

@article{Goubert5210-1996,
    author = {Goubert, Jean-Pierre and M. Mundy and M. Shamay and S. Chiffoleau},
    title = {La ville, miroir et enjeu de la santé},
    journal = {Le Courrier du C.N.R.S.},
    year = 1996,
    language = {français},
    keywords = {art-crh, crh-1996}
    }

@article{Goubert5211-1996,
    author = {Goubert, Jean-Pierre},
    title = {Trajectoires historiques et identités professionnelles. Professions de santé et secteur paramédical en France},
    journal = {Annales de kinésithérapie,},
    year = 1996,
    language = {français},
    keywords = {art-crh, crh-1996}
    }

@article{Goubert5212-1996,
    author = {Goubert, Jean-Pierre},
    title = {Histoire de la santé, un itinéraire d'historien},
    journal = {Cahiers d'histoire},
    year = 1996,
    language = {français},
    keywords = {art-crh, crh-1996}
    }

@article{Green5219-1996,
    author = {Green, Nancy},
    title = {Women and Immigrants in the Sweatshops : Categories of Labor Segmentation Revisited},
    journal = {Comparative Studies in Society and History,},
    year = 1996,
    language = {anglais},
    keywords = {art-crh, crh-1996}
    }

@article{Grenier5225-1996,
    author = {Grenier, Jean-Yves},
    title = {Vaches grasses, vaches maigres. Une reconstitution des données agroclimatiques en France du Nord (1758-1789)},
    journal = {Histoire et Sociétés rurales},
    year = 1996,
    language = {français},
    keywords = {art-crh, crh-1996}
    }

@article{Gribaudi5226-1996,
    author = {Gribaudi, Maurizio},
    title = {L'analisi di rete : tra struttura e configurazione},
    journal = {Rivista Italiana di Sociologia,},
    year = 1996,
    language = {italien},
    keywords = {art-crh, crh-1996}
    }

@article{Hartog5238-1996,
    author = {Hartog, François},
    title = {Fondements grecs de l'idée d'Europe},
    journal = {Quaderni Storia},
    year = 1996,
    language = {français},
    keywords = {art-crh, crh-1996}
    }

@article{Jorland5246-1996,
    author = {Jorland, Gérard},
    title = {Le rejet du programme de Condorcet},
    journal = {Sciences et techniques en perspective},
    year = 1996,
    language = {français},
    keywords = {art-crh, crh-1996}
    }

@article{Julia5255-1996,
    author = {Julia, Dominique},
    title = {Riflessioni sulla recente storiografia dell'educazione in Europa: per una storia comparata delle culture scolastische},
    journal = {Annali di storia dell'educazione e delle istituzioni scolastiche},
    year = 1996,
    language = {italien},
    keywords = {art-crh, crh-1996}
    }

@article{Julia5256-1996,
    author = {Julia, Dominique},
    title = {La constitution des bibliothèques de collège aux XVIIe et XVIIIe siècles},
    journal = {Revue d'histoire de l'Eglise de France,},
    year = 1996,
    language = {français},
    keywords = {art-crh, crh-1996}
    }

@article{Julliard5273-1996,
    author = {Julliard, Jacques},
    title = {Naissance et mort de l'intellectuel catholique},
    journal = {Mil neuf cent, revue d'histoire intellectuelle,},
    year = 1996,
    language = {français},
    keywords = {art-crh, crh-1996}
    }

@article{Kriegel5292-1996,
    author = {Kriegel, Maurice},
    title = {Le parcours de Juan Luis Vives : du milieu judaïsant à l'option érasmienne},
    journal = {Dimensioni e problemi della ricerca storica},
    year = 1996,
    language = {français},
    keywords = {art-crh, crh-1996}
    }

@article{LeBras5309-1996,
    author = {Le Bras, Hervé},
    title = {Dé-chiffrer l'étranger},
    journal = {MARS, le monde arabe dans la recherche scientifique,},
    year = 1996,
    language = {français},
    keywords = {art-crh, crh-1996}
    }

@article{LeBras5310-1996,
    author = {Le Bras, Hervé},
    title = {Jeunesse : de la compétence à la performance},
    journal = {AGORA,},
    year = 1996,
    language = {français},
    keywords = {art-crh, crh-1996}
    }

@article{LeBras5312-1996,
    author = {Le Bras, Hervé},
    title = {Le poids des modèles familiaux},
    journal = {Sciences Humaines,},
    year = 1996,
    language = {français},
    keywords = {art-crh, crh-1996}
    }

@article{LeBras5313-1996,
    author = {Le Bras, Hervé},
    title = {Densité et fécondité},
    journal = {Courrier du CNRS,},
    year = 1996,
    language = {français},
    keywords = {art-crh, crh-1996}
    }

@article{Lepetit5335-1996,
    author = {Lepetit, Bernard},
    title = {Il presente delle storia},
    journal = {Rivista storica italiana,},
    year = 1996,
    language = {italien},
    keywords = {art-crh, crh-1996}
    }

@article{Lepetit5337-1996,
    author = {Lepetit, Bernard},
    title = {Une autre histoire sociale},
    journal = {Correspondances,},
    year = 1996,
    language = {français},
    keywords = {art-crh, crh-1996}
    }

@article{Lepetit5341-1996,
    author = {Lepetit, Bernard},
    title = {La question sociale : vision de sociologues, visions d'historiens},
    journal = {Vie sociale,},
    year = 1996,
    language = {français},
    keywords = {art-crh, crh-1996}
    }

@article{LeRoyLadurie5344-1996,
    author = {Le Roy Ladurie, Emmanuel},
    title = {Sur l'histoire de l'Etat moderne : de l'Ancien Régime à la démocratie (Libres réflexions inspirées de la pensée de G. Ferrero)},
    journal = {Commentaire,},
    year = 1996,
    language = {français},
    keywords = {art-crh, crh-1996}
    }

@article{LeRoyLadurie5345-1996,
    author = {Le Roy Ladurie, Emmanuel and A. Smedley-Weil and Y. Fauchois,et A. Zysberg},
    title = {L'édition francophone, 1470-1780, Paris-Province-Etranger, par tranches diachroniques},
    journal = {Histoire, Economie, Société,},
    year = 1996,
    language = {français},
    keywords = {art-crh, crh-1996}
    }

@article{Milo5353-1996,
    author = {Milo, Daniel},
    title = {Heroes as Guinea Pigs},
    journal = {Common Knowledge},
    year = 1996,
    language = {anglais},
    keywords = {art-crh, crh-1996}
    }

@article{Noiriel5382-1996,
    author = {Noiriel, Gérard},
    title = {L'immigration étrangère dans le monde rural pendant l'entre-deux-guerres},
    journal = {Etudes Rurales,},
    year = 1996,
    language = {français},
    keywords = {art-crh, crh-1996}
    }

@article{Nordman5388-1996,
    author = {Nordman, Daniel},
    title = {Le Rhin est-il une frontière ?},
    journal = {L'Histoire,},
    year = 1996,
    language = {français},
    keywords = {art-crh, crh-1996}
    }

@article{Ozouf5404-1996,
    author = {Ozouf, Mona},
    title = {La singularité française},
    journal = {Parcours,},
    year = 1996,
    language = {français},
    keywords = {art-crh, crh-1996}
    }

@article{Peter5413-1996,
    author = {Peter, Jean-Pierre},
    title = {L'angoisse : une pathologie psychiatrique ou un état de l'âme ?},
    journal = {Tribune de l'anxiété,},
    year = 1996,
    language = {français},
    keywords = {art-crh, crh-1996}
    }

@article{Pesez5418-1996,
    author = {Pesez, Jean-Marie},
    title = {Sur l'archéologie rurale en France septentrionale. Quelques questions en guise de bilan},
    journal = {Ruralia,},
    year = 1996,
    language = {français},
    keywords = {art-crh, crh-1996}
    }

@article{Podselver5423-1996,
    author = {Podselver, Laurence},
    title = {Vuelta al judaïsmo y el surgimiento de una neo-orthodoxia : implicaciones en el contexto de la laïcidad en Francia},
    journal = {Historia Anthropologia y Fuente Oral,},
    year = 1996,
    language = {espagnol},
    keywords = {art-crh, crh-1996}
    }

@article{Podselver5424-1996,
    author = {Podselver, Laurence},
    title = {Sarcelles, une communauté bien dans sa ville},
    journal = {Urbanisme,},
    year = 1996,
    language = {français},
    keywords = {art-crh, crh-1996}
    }

@article{Podselver5425-1996,
    author = {Podselver, Laurence},
    title = {La nouvelle orthodoxie et la transmission familiale},
    journal = {Pardes,},
    year = 1996,
    language = {français},
    keywords = {art-crh, crh-1996}
    }

@article{PoloDeBeaulieu5434-1996,
    author = {Polo De Beaulieu, Marie-Anne},
    title = {Jean Gobi junior, lecteur du couvent de saint Maximin, 1327-1330},
    journal = {Mémoires Dominicaines},
    year = 1996,
    language = {français},
    keywords = {art-crh, crh-1996}
    }

@article{Prochasson5475-1996,
    author = {Prochasson, Christophe},
    title = {Les prolétaires ont une patrie !},
    journal = {L'Histoire},
    year = 1996,
    language = {français},
    keywords = {art-crh, crh-1996}
    }

@article{Revel5486-1996,
    author = {Revel, Jacques},
    title = {Histoire, Sociologie, Histoire},
    journal = {Revue européenne des sciences sociales},
    year = 1996,
    language = {français},
    keywords = {art-crh, crh-1996}
    }

@article{Rosental5490-1996,
    author = {Rosental, Paul-André},
    title = {Les figures de Marie : morphologie spatio-temporelle d'un prénom},
    journal = {Vues d'enfance},
    year = 1996,
    language = {français},
    keywords = {art-crh, crh-1996}
    }

@article{Rosental5491-1996,
    author = {Rosental, Paul-André},
    title = {Scomposizione spaziale di una migrazione internazionale : l'integrazione dei belgi nel nord della Francia nel XIX secolo},
    journal = {Memoria e Ricerca},
    year = 1996,
    language = {italien},
    keywords = {art-crh, crh-1996}
    }

@article{Rosental5492-1996,
    author = {Rosental, Paul-André},
    title = {Treize ans de réflexions : de l'histoire des populations à la démographie historique française (1945-1958)},
    journal = {Population},
    year = 1996,
    language = {français},
    keywords = {art-crh, crh-1996}
    }

@article{Rucquoi5497-1996,
    author = {Rucquoi, Adeline},
    title = {Education et société dans la Péninsule ibérique au Moyen Âge},
    journal = {Histoire de l'éducation,},
    year = 1996,
    language = {français},
    keywords = {art-crh, crh-1996}
    }

@article{Rucquoi5498-1996,
    author = {Rucquoi, Adeline},
    title = {Rodrigo Sànchez de Arévalo y su madre},
    journal = {Temas Medievales,},
    year = 1996,
    language = {espagnol},
    keywords = {art-crh, crh-1996}
    }

@article{Rucquoi5499-1996,
    author = {Rucquoi, Adeline},
    title = {Les Wisigoths en Espagne : splendeur et décadence},
    journal = {L'Histoire,},
    year = 1996,
    language = {français},
    keywords = {art-crh, crh-1996}
    }

@article{Scherrer5515-1996,
    author = {Scherrer, Jutta},
    title = {Bol'sevizm na rasput'e : Bogdanov i Lenin},
    journal = {Rossija XXI},
    year = 1996,
    language = {russe},
    keywords = {art-crh, crh-1996}
    }

@article{Schmitt5528-1996,
    author = {Schmitt, Jean-Claude},
    title = {La culture de l'imago},
    journal = {Annales. Histoire, Sciences Sociales,},
    year = 1996,
    language = {français},
    keywords = {art-crh, crh-1996}
    }

@article{Schmitt5529-1996,
    author = {Schmitt, Jean-Claude},
    title = {Le Moyen Age avait-il peur des jeunes ?},
    journal = {L'Histoire,},
    year = 1996,
    language = {français},
    keywords = {art-crh, crh-1996}
    }

@article{Schmitt5530-1996,
    author = {Schmitt, Jean-Claude},
    title = {Une horde bigarrée de revenants envahit l'Eglise},
    journal = {Historia/Spécial,},
    year = 1996,
    language = {français},
    keywords = {art-crh, crh-1996}
    }

@article{Schmitt5531-1996,
    author = {Schmitt, Jean-Claude and J. Le Goff},
    title = {L'histoire médiévale},
    journal = {Cahiers de civilisation médiévale. Xe-XIIe siècles,},
    year = 1996,
    language = {français},
    keywords = {art-crh, crh-1996}
    }

@article{Schnapper5556-1996,
    author = {Schnapper, Dominique},
    title = {Allemagne-France : débat sur la nation. Suite},
    journal = {Commentaire,},
    year = 1996,
    language = {français},
    keywords = {art-crh, crh-1996}
    }

@article{Schnapper5557-1996,
    author = {Schnapper, Dominique},
    title = {Le discours du Front national},
    journal = {Commentaire},
    year = 1996,
    language = {français},
    keywords = {art-crh, crh-1996}
    }

@article{Schnapper5560-1996,
    author = {Schnapper, Dominique},
    title = {Pour Etienne Barilier},
    journal = {Les Cahiers Rationalistes},
    year = 1996,
    language = {français},
    keywords = {art-crh, crh-1996}
    }

@article{Seitz5570-1996,
    author = {Seitz, Frédéric},
    title = {Patrimoine industriel et architectures},
    journal = {L'Archéologie industrielle en France},
    year = 1996,
    language = {français},
    keywords = {art-crh, crh-1996}
    }

@article{Seitz5571-1996,
    author = {Seitz, Frédéric},
    title = {La naissance de l'architecture industrielle},
    journal = {Les Cahiers de Science et Vie},
    year = 1996,
    language = {français},
    keywords = {art-crh, crh-1996}
    }

@article{Sigaut5578-1996,
    author = {Sigaut, François},
    title = {La place des techniques dans l'interprétation des faits sociaux},
    journal = {Performances humaines \& techniques},
    year = 1996,
    language = {français},
    keywords = {art-crh, crh-1996}
    }

@article{Smedley5585-1996,
    author = {Smedley-Weil, Anette and E. Le Roy Ladurie, and Y. Fauchois and A. Zysberg},
    title = {L'édition francophone, 1470-1780, Paris-Province-Etranger, en tranches diachroniques},
    journal = {Histoire, Economie, Société},
    year = 1996,
    language = {français},
    keywords = {art-crh, crh-1996}
    }

@article{Stella5587-1996,
    author = {Stella, Alessandro},
    title = {Travail, famille et maison : formes et raisons du placement dans les sociétés traditionnelles},
    journal = {Médiévales},
    year = 1996,
    language = {français},
    keywords = {art-crh, crh-1996}
    }

@article{Stella5588-1996,
    author = {Stella, Alessandro},
    title = {Un conflit du travail dans les vignes d'Auxerre aux XIVe et XVe siècles},
    journal = {Histoire et Sociétés rurales},
    year = 1996,
    language = {français},
    keywords = {art-crh, crh-1996}
    }

@article{Stella5589-1996,
    author = {Stella, Alessandro and B. Vincent},
    title = {L'Europe, marché aux esclaves},
    journal = {L'Histoire},
    year = 1996,
    language = {français},
    keywords = {art-crh, crh-1996}
    }

@article{Touati5595-1996,
    author = {Touati, Houari},
    title = {Le Prince et la bête. Enquête sur une métaphore pastorale},
    journal = {Studia Islamica,},
    year = 1996,
    language = {français},
    keywords = {art-crh, crh-1996}
    }

@article{Valensi5599-1996,
    author = {Valensi, Lucette},
    title = {Conversion, intégration, exclusion : les sabbateens dans l'empire ottoman et en Turquie},
    journal = {Dimensioni e problemi della ricerca storica,},
    year = 1996,
    language = {français},
    keywords = {art-crh, crh-1996}
    }

@book{Bergeron4775-1996,
    author = {Bergeron, Louis and G. Dorel-Ferré},
    title = {Le Patrimoine industriel. Un nouveau territoire},
    publisher = {},
    series = {},
    location = {Paris},
    year = 1996,
    pagetotal = {},
    language = {français},
    keywords = {book-crh, crh-1996}
    }

@book{Berlioz4793-1996,
    author = {Berlioz, Jacques},
    title = {Le Commentaire de documents en histoire médiévale},
    publisher = {Seuil},
    series = {Point mémo},
    location = {Paris},
    year = 1996,
    pagetotal = {},
    language = {français},
    keywords = {book-crh, crh-1996}
    }

@book{Chartier4953-1996,
    author = {Chartier, Roger},
    title = {Culture écrite et société. L'ordre des livres (XIVe-XVIIIe siècles)},
    publisher = {Albin Michel},
    series = {},
    location = {Paris},
    year = 1996,
    pagetotal = {},
    language = {français},
    keywords = {book-crh, crh-1996}
    }

@book{Chartier4954-1996,
    author = {Chartier, Roger},
    title = {Textes, "performances", publics},
    publisher = {Université Lumière},
    series = {Groupe de Recherche sur la socialisation. Cahiers de Recherche n° 16},
    location = {Lyon},
    year = 1996,
    pagetotal = {},
    language = {français},
    keywords = {book-crh, crh-1996}
    }

@book{Chartier4955-1996,
    author = {Chartier, Roger},
    title = {Foucault lector de Foucault},
    publisher = {Université de Valence},
    series = {},
    location = {Valence},
    year = 1996,
    pagetotal = {18},
    language = {espagnol},
    keywords = {book-crh, crh-1996}
    }

@book{Depeyrot5046-1996,
    author = {Depeyrot, Georges},
    title = {Histoire de la monnaie des origines au 18e siècle, Tome II, Du quatorzième au seizième siècle},
    publisher = {},
    series = {},
    location = {Wetteren},
    year = 1996,
    pagetotal = {},
    language = {français},
    keywords = {book-crh, crh-1996}
    }

@book{Depeyrot5047-1996,
    author = {Depeyrot, Georges},
    title = {Histoire de la monnaie des origines au 18e siècle, Tome III, Les seizième et dix-septième siècles},
    publisher = {},
    series = {},
    location = {Wetteren},
    year = 1996,
    pagetotal = {},
    language = {français},
    keywords = {book-crh, crh-1996}
    }

@book{Depeyrot5049-1996,
    author = {Depeyrot, Georges},
    title = {Les Monnaies d'or de Constantin II à Zénon (337-491)},
    publisher = {},
    series = {},
    location = {Wetteren},
    year = 1996,
    pagetotal = {},
    language = {français},
    keywords = {book-crh, crh-1996}
    }

@book{Descimon5071-1996,
    author = {Descimon, Robert and Ch. Jouhaud},
    title = {La France du premier XVIIe siècle},
    publisher = {},
    series = {},
    location = {Paris},
    year = 1996,
    pagetotal = {},
    language = {français},
    keywords = {book-crh, crh-1996}
    }

@book{Farge5125-1996,
    author = {Farge, Arlette},
    title = {Les Fatigues de la Guerre. Watteau. XVIIIe siècle},
    publisher = {Gallimard},
    series = {},
    location = {Paris},
    year = 1996,
    pagetotal = {},
    language = {français},
    keywords = {book-crh, crh-1996}
    }

@book{Fontaine5136-1996,
    author = {Fontaine, Laurence},
    title = {History of peddlers in Europe (XVe-XIXe siècles)},
    publisher = {Polity Press/Duke University Press},
    series = {},
    location = {Cambridge},
    year = 1996,
    pagetotal = {},
    language = {anglais},
    keywords = {book-crh, crh-1996}
    }

@book{Giard5189-1996,
    author = {Giard, Luce},
    title = {Les Jésuites à l'âge baroque 1540-1640},
    publisher = {},
    series = {},
    location = {Grenoble},
    year = 1996,
    pagetotal = {},
    language = {français},
    keywords = {book-crh, crh-1996}
    }

@book{Goldberg5204-1996,
    author = {Goldberg, Sylvie-Anne},
    title = {Crossing the Jabbok. Illness and Death in Ashkenazi Judaism in Sixteenth through Nineteent Century Prague},
    publisher = {University of California Press},
    series = {},
    location = {Berkeley/Los Angeles},
    year = 1996,
    pagetotal = {},
    language = {anglais},
    keywords = {book-crh, crh-1996}
    }

@book{Grenier5224-1996,
    author = {Grenier, Jean-Yves},
    title = {L'Économie d'Ancien Régime. Une économie de l'échange et de l'incertitude},
    publisher = {Albin Michel},
    series = {collection "L'évolution de l'humanité"},
    location = {Paris},
    year = 1996,
    pagetotal = {},
    language = {français},
    keywords = {book-crh, crh-1996}
    }

@book{Hartog5240-1996,
    author = {Hartog, François},
    title = {Mémoire d'Ulysse, Récits sur la frontière en Grèce ancienne},
    publisher = {Gallimard},
    series = {},
    location = {Paris},
    year = 1996,
    pagetotal = {},
    language = {français},
    keywords = {book-crh, crh-1996}
    }

@book{Jouhaud5251-1996,
    author = {Jouhaud, Christian and R. Descimon},
    title = {La France du premier XVIIe siècle : une histoire politique},
    publisher = {Belin},
    series = {},
    location = {Paris},
    year = 1996,
    pagetotal = {},
    language = {français},
    keywords = {book-crh, crh-1996}
    }

@book{LeBras5314-1996,
    author = {Le Bras, Hervé},
    title = {Le peuplement de l'Europe},
    publisher = {La Documentation Française},
    series = {},
    location = {Paris},
    year = 1996,
    pagetotal = {},
    language = {français},
    keywords = {book-crh, crh-1996}
    }

@book{Milo5354-1996,
    author = {Milo, Daniel},
    title = {Pour Narcisse. Traité de l'amour impartial},
    publisher = {Chez l'auteur},
    series = {},
    location = {Paris},
    year = 1996,
    pagetotal = {},
    language = {français},
    keywords = {book-crh, crh-1996}
    }

@book{Mouradian5369-1996,
    author = {Mouradian, Claire},
    title = {La C.E.I., un nouvel acteur sur la scène internationale},
    publisher = {La Documentation Française},
    series = {collection Problèmes Politiques et Sociaux, série 'Russie' n° 760)},
    location = {Paris},
    year = 1996,
    pagetotal = {},
    language = {français},
    keywords = {book-crh, crh-1996}
    }

@book{Netter5371-1996,
    author = {Netter, Marie-Laurence and E. Kennedy and J. P. Mc Gregor and M. V. Olsen},
    title = {Theatre, Opera, and Audiences in Revolutionary Paris. Analysis and Repertory},
    publisher = {Grenwood Press},
    series = {},
    location = {Connecticut},
    year = 1996,
    pagetotal = {},
    language = {anglais},
    keywords = {book-crh, crh-1996}
    }

@book{Noiriel5384-1996,
    author = {Noiriel, Gérard},
    title = {The French Melting Pot. Immigration, Citizenship and National Identity},
    publisher = {},
    series = {},
    location = {},
    year = 1996,
    pagetotal = {},
    language = {anglais},
    keywords = {book-crh, crh-1996}
    }

@book{Noiriel5385-1996,
    author = {Noiriel, Gérard},
    title = {Sur la 'crise' de l'histoire},
    publisher = {Belin},
    series = {coll. "Socio-Histoires"},
    location = {Paris},
    year = 1996,
    pagetotal = {},
    language = {français},
    keywords = {book-crh, crh-1996}
    }

@book{Nordman5387-1996,
    author = {Nordman, Daniel},
    title = {Profils du Maghreb. Frontières, figures et territoires (XVIIIe-XXe siècle)},
    publisher = {Publications de la Faculté des Lettres et des Sciences Humaines},
    series = {},
    location = {Rabat},
    year = 1996,
    pagetotal = {},
    language = {français},
    keywords = {book-crh, crh-1996}
    }

@book{Pomian5450-1996,
    author = {Pomian, Krzysztof},
    title = {Drogi kultury europejskiej. Trzy studia},
    publisher = {Polska Akademia Nauk Instytut Filozofii i Socjologii},
    series = {},
    location = {Varsovie},
    year = 1996,
    pagetotal = {},
    language = {polonais},
    keywords = {book-crh, crh-1996}
    }

@book{Prochasson5476-1996,
    author = {Prochasson, Christophe and A. Rasmussen},
    title = {Au Nom de la Patrie. Les intellectuels et la Première guerre mondiale, 1910},
    publisher = {La Découverte},
    series = {},
    location = {Paris},
    year = 1996,
    pagetotal = {},
    language = {français},
    keywords = {book-crh, crh-1996}
    }

@book{Scherrer5514-1996,
    author = {Scherrer, Jutta},
    title = {Requiem für den Roten Oktober. Die russische Intelligenzija im Umbruch},
    publisher = {Leipziger Universitätsverlag},
    series = {},
    location = {Leipzig},
    year = 1996,
    pagetotal = {},
    language = {allemand},
    keywords = {book-crh, crh-1996}
    }

@inproceedings{Julia12-1996,
    author = {Julia, Dominique},
    editor = {J. Ehrard},
    title = {Gilbert Romme gouverneur 1779-1790},
    booktitle = {Gilbert Romme (1750-1795) Actes du colloque de Riom (19 et 20 mai 1995)},
    publisher = {Société des études robespierristes},
    location = {Paris},
    year = 1996,
    pagetotal = {36},
    language = {français},
    keywords = {inproceedings-crh, crh-1996}
    }

@inproceedings{Goldberg41-1996,
    author = {Goldberg, Sylvie-Anne},
    editor = {},
    title = {A la recherche du corps perdu},
    booktitle = {Le Corps, Colloque des Intellectuels juifs},
    publisher = {Albin Michel},
    location = {Paris},
    year = 1996,
    pagetotal = {18},
    language = {français},
    keywords = {inproceedings-crh, crh-1996}
    }

@inproceedings{Lepetit96-1996,
    author = {Lepetit, Bernard},
    editor = {},
    title = {Blasement, valence positive et normes techniques},
    booktitle = {Actes du colloque Simmel, penseur des normes sociales, Paris, 16-17 décembre 1993},
    publisher = {L'Harmattan},
    location = {Paris},
    year = 1996,
    pagetotal = {},
    language = {français},
    keywords = {inproceedings-crh, crh-1996}
    }

@inproceedings{Smedley521-1996,
    author = {Smedley-Weil, Anette},
    editor = {},
    title = {Les intendants de province sous Louis XIV : leur compétence, autorité et pratiques dans les finances des généralités},
    booktitle = {L'Administration des finances sous l'Ancien Régime, Colloque organisé par le Comité pour l'Histoire Economique et financière de la France,},
    publisher = {Ministère des finances},
    location = {Paris},
    year = 1996,
    pagetotal = {11},
    language = {français},
    keywords = {inproceedings-crh, crh-1996}
    }

@inproceedings{Stella533-1996,
    author = {Stella, Alessandro},
    editor = {},
    title = {Herrado en el rostro con una S y un clavo : l'homme-animal dans l'Espagne des siècles XV-XVIII},
    booktitle = {Figures de l'esclave au Moyen Age et dans le monde moderne, Actes du colloque de Paris X6Nanterre},
    publisher = {},
    location = {Paris},
    year = 1996,
    pagetotal = {17},
    language = {italien},
    keywords = {inproceedings-crh, crh-1996}
    }

@inproceedings{Baschet743-1996,
    author = {Baschet, Jérôme},
    editor = {Y. Christe},
    title = {Le sein d'Abraham : un lieu de l'au-delà ambigu (théologie, liturgie, iconographie )},
    booktitle = {De l'Art comme mystagogie. Iconographie du Jugement dernier et des fins dernières à l'époque gothique. Actes du Colloque de Genève},
    publisher = {},
    location = {Poitiers},
    year = 1996,
    pagetotal = {24},
    language = {français},
    keywords = {inproceedings-crh, crh-1996}
    }

@inproceedings{Rucquoi748-1996,
    author = {Rucquoi, Adeline},
    editor = {},
    title = {Los franciscanos en el reino de Castilla},
    booktitle = {VI Semana de Estudios Medievales de Nàjera,},
    publisher = {Instituto de Estudios Riojanos},
    location = {Logrono},
    year = 1996,
    pagetotal = {},
    language = {espagnol},
    keywords = {inproceedings-crh, crh-1996}
    }

@inproceedings{Froeschlé5001-1996,
    author = {Froeschlé-Chopard, Marie-Hélène},
    editor = {},
    title = {Le Rosaire, élément de christianisation des campagnes ?},
    booktitle = {La Christianisation des campagnes, Actes du colloque du CIHEC, 25-27 août 1994},
    publisher = {},
    location = {Bruxelles/Rome},
    year = 1996,
    pagetotal = {25},
    language = {français},
    keywords = {inproceedings-crh, crh-1996}
    }

@inreference{Chartier4960-1996,
    author = {Chartier, Roger},
    editor = {J. Julliard and M. Winock},
    title = {Article 'Ariès (Philippe)'},
    booktitle = {Dictionnaire des intellectuels français. Les personnes. Les lieux. Les moments},
    publisher = {},
    series = {},
    location = {},
    year = 1996,
    pagetotal = {3},
    language = {français},
    keywords = {dict-crh, crh-1996}
    }

@inreference{Fontaine5137-1996,
    author = {Fontaine, Laurence},
    editor = {Lucien Bély},
    title = {Article 'Colporteurs, colportage'},
    booktitle = {Dictionnaire de l'Ancien Régime},
    publisher = {},
    series = {},
    location = {},
    year = 1996,
    pagetotal = {},
    language = {français},
    keywords = {dict-crh, crh-1996}
    }

@inreference{Fontaine5138-1996,
    author = {Fontaine, Laurence},
    editor = {Lucien Bély},
    title = {Article 'crédit'},
    booktitle = {Dictionnaire de l'Ancien Régime},
    publisher = {},
    series = {},
    location = {},
    year = 1996,
    pagetotal = {},
    language = {français},
    keywords = {dict-crh, crh-1996}
    }

@inreference{Giard5190-1996,
    author = {Giard, Luce},
    editor = {H. Stammerjohann},
    title = {Henri II Estienne},
    booktitle = {Lexicon grammaticorum,},
    publisher = {},
    series = {},
    location = {Tübingen},
    year = 1996,
    pagetotal = {2},
    language = {français},
    keywords = {dict-crh, crh-1996}
    }

@inreference{Giard5191-1996,
    author = {Giard, Luce},
    editor = {H. Stammerjohann},
    title = {Petrus Ramus},
    booktitle = {Lexicon grammaticorum,},
    publisher = {},
    series = {},
    location = {Tübingen},
    year = 1996,
    pagetotal = {2},
    language = {allemand},
    keywords = {dict-crh, crh-1996}
    }

@inreference{Hartog5239-1996,
    author = {Hartog, François},
    editor = {Ph. Raynaud and St. Rials},
    title = {Article 'La cité'},
    booktitle = {Dictionnaire de philosophie politique},
    publisher = {},
    series = {},
    location = {},
    year = 1996,
    pagetotal = {},
    language = {français},
    keywords = {dict-crh, crh-1996}
    }

@inreference{Netter5370-1996,
    author = {Netter, Marie-Laurence},
    editor = {J. Julliard and M. Winock},
    title = {Article 'Brunetière'},
    booktitle = {Dictionnaire des intellectuels,},
    publisher = {},
    series = {},
    location = {},
    year = 1996,
    pagetotal = {},
    language = {français},
    keywords = {dict-crh, crh-1996}
    }

@inreference{Nordman5389-1996,
    author = {Nordman, Daniel},
    editor = {L. Bély},
    title = {Article 'Les cartes'},
    booktitle = {Dictionnaire de l'Ancien Régime},
    publisher = {},
    series = {},
    location = {},
    year = 1996,
    pagetotal = {},
    language = {français},
    keywords = {dict-crh, crh-1996}
    }

@inreference{Nordman5390-1996,
    author = {Nordman, Daniel},
    editor = {L. Bély},
    title = {Article 'Espace français'},
    booktitle = {Dictionnaire de l'Ancien Régime},
    publisher = {},
    series = {},
    location = {},
    year = 1996,
    pagetotal = {},
    language = {français},
    keywords = {dict-crh, crh-1996}
    }

@inreference{Nordman5391-1996,
    author = {Nordman, Daniel},
    editor = {L. Bély},
    title = {Article 'Territoire'},
    booktitle = {Dictionnaire de l'Ancien Régime},
    publisher = {},
    series = {},
    location = {},
    year = 1996,
    pagetotal = {},
    language = {français},
    keywords = {dict-crh, crh-1996}
    }

@inreference{Nordman5392-1996,
    author = {Nordman, Daniel},
    editor = {L. Bély},
    title = {Article 'Frontières'},
    booktitle = {Dictionnaire de l'Ancien Régime},
    publisher = {},
    series = {},
    location = {},
    year = 1996,
    pagetotal = {},
    language = {français},
    keywords = {dict-crh, crh-1996}
    }

@inreference{Nordman5393-1996,
    author = {Nordman, Daniel},
    editor = {L. Bély},
    title = {Article 'Sauf-conduits et passeports'},
    booktitle = {Dictionnaire de l'Ancien Régime},
    publisher = {},
    series = {},
    location = {},
    year = 1996,
    pagetotal = {},
    language = {français},
    keywords = {dict-crh, crh-1996}
    }

@proceedings{Baschet4758-1996,
    editor = {Baschet, Jérôme and J.-Cl. Schmitt},
    editortype = {dir.},
    title = {L'Image. Fonctions et usages des images dans l'occident médiéval, Cahiers du Léopard d'Or},
    booktitle = {L'Image. Fonctions et usages des images dans l'occident médiéval, Cahiers du Léopard d'Or},
    publisher = {},
    location = {Paris},
    year = 1996,
    pagetotal = {20},
    language = {français},
    keywords = {proceedings-crh, crh-1996}
    }

@proceedings{Benoît4769-1996,
    editor = {Benoît, Serge},
    editortype = {dir.},
    title = {L'Archéologie industrielle en France: "Le Patrimoine industriel, pour quoi faire ?" (numéro hors série)},
    booktitle = {L'Archéologie industrielle en France: "Le Patrimoine industriel, pour quoi faire ?" (numéro hors série)},
    publisher = {},
    location = {},
    year = 1996,
    pagetotal = {},
    language = {français},
    keywords = {proceedings-crh, crh-1996}
    }

@proceedings{Bergeron4776-1996,
    editor = {Bergeron, Louis},
    editortype = {dir.},
    title = {La Révolution des aiguilles. Habiller les Français et les Américains, 19e-20e siècles},
    booktitle = {La Révolution des aiguilles. Habiller les Français et les Américains, 19e-20e siècles},
    publisher = {},
    location = {Paris},
    year = 1996,
    pagetotal = {},
    language = {français},
    keywords = {proceedings-crh, crh-1996}
    }

@proceedings{Bruhns4861-1996,
    editor = {Bruhns, Hinnerk and J.-M. David and W. Nippel},
    editortype = {dir.},
    title = {Die späte römische Republik - La fin de la république romaine. Un débat franco-allemand d'histoire et d'historiographie},
    booktitle = {Die späte römische Republik - La fin de la république romaine. Un débat franco-allemand d'histoire et d'historiographie},
    publisher = {Ecole Française de Rome},
    location = {Rome},
    year = 1996,
    pagetotal = {},
    language = {allemand},
    keywords = {proceedings-crh, crh-1996}
    }

@proceedings{Chapelot4891-1996,
    editor = {Chapelot, Jean and E. Lalou},
    editortype = {dir.},
    title = {Vincennes et la naissance de l'Etat moderne},
    booktitle = {Vincennes et la naissance de l'Etat moderne},
    publisher = {Presses de l'Ecole normale supérieure},
    location = {Paris},
    year = 1996,
    pagetotal = {},
    language = {français},
    keywords = {proceedings-crh, crh-1996}
    }

@proceedings{Chartier4956-1996,
    editor = {Chartier, Roger and P. Corsi},
    editortype = {dir.},
    title = {Sciences et langues en Europe},
    booktitle = {Sciences et langues en Europe},
    publisher = {EHESS/Centre Alexandre Koyré},
    location = {Paris},
    year = 1996,
    pagetotal = {},
    language = {français},
    keywords = {proceedings-crh, crh-1996}
    }

@proceedings{Chartier4957-1996,
    editor = {Chartier, Roger and H.-J. Lüsebrink},
    editortype = {dir.},
    title = {Colportage et lecture populaire. Imprimés de large circulation en Europe XVIe-XIXe siècles},
    booktitle = {Colportage et lecture populaire. Imprimés de large circulation en Europe XVIe-XIXe siècles},
    publisher = {IMEC Editions et Editions de la Maison des Sciences de l'Homme},
    location = {Paris},
    year = 1996,
    pagetotal = {},
    language = {français},
    keywords = {proceedings-crh, crh-1996}
    }

@proceedings{Descimon5072-1996,
    editor = {Descimon, Robert and A. Guerreau and N. Bulst},
    editortype = {dir.},
    title = {L'État ou le roi. Les fondations de la modernité monarchique en France (XIVe-XVIIe siècles)},
    booktitle = {L'État ou le roi. Les fondations de la modernité monarchique en France (XIVe-XVIIe siècles)},
    publisher = {},
    location = {Paris},
    year = 1996,
    pagetotal = {},
    language = {français},
    keywords = {proceedings-crh, crh-1996}
    }

@proceedings{Fabre5111-1996,
    editor = {Fabre, Pierre-Antoine and A. Boureau},
    editortype = {dir.},
    title = {Pour une histoire comparée des vœux},
    booktitle = {Pour une histoire comparée des vœux},
    publisher = {},
    location = {},
    year = 1996,
    pagetotal = {},
    language = {français},
    keywords = {proceedings-crh, crh-1996}
    }

@proceedings{Fridenson5171-1996,
    editor = {Fridenson, Patrick},
    editortype = {dir.},
    title = {La société et l'entreprise},
    booktitle = {La société et l'entreprise},
    publisher = {},
    location = {},
    year = 1996,
    pagetotal = {},
    language = {français},
    keywords = {proceedings-crh, crh-1996}
    }

@proceedings{Fridenson5176-1996,
    editor = {Fridenson, Patrick},
    editortype = {dir.},
    title = {Organiser et former},
    booktitle = {Organiser et former},
    publisher = {},
    location = {},
    year = 1996,
    pagetotal = {},
    language = {français},
    keywords = {proceedings-crh, crh-1996}
    }

@proceedings{Julia5257-1996,
    editor = {Julia, Dominique and E. Becchi},
    editortype = {dir.},
    title = {Storia dell'Infanzia, tome 1: Dall Antichità al Seicento},
    booktitle = {Storia dell'Infanzia, tome 1: Dall Antichità al Seicento},
    publisher = {Laterza},
    location = {Rome-Bari},
    year = 1996,
    pagetotal = {419},
    language = {italien},
    keywords = {proceedings-crh, crh-1996}
    }

@proceedings{Julia5263-1996,
    editor = {Julia, Dominique and E. Becchi},
    editortype = {dir.},
    title = {Storia dell'Infanzia, tome 2: Dal Settecento a oggi},
    booktitle = {Storia dell'Infanzia, tome 2: Dal Settecento a oggi},
    publisher = {Laterza},
    location = {Rome-Bari},
    year = 1996,
    pagetotal = {493},
    language = {italien},
    keywords = {proceedings-crh, crh-1996}
    }

@proceedings{Julliard5275-1996,
    editor = {Julliard, Jacques and M. Winock},
    editortype = {dir.},
    title = {Dictionnaire des intellectuels},
    booktitle = {Dictionnaire des intellectuels},
    publisher = {Seuil},
    location = {Paris},
    year = 1996,
    pagetotal = {},
    language = {français},
    keywords = {proceedings-crh, crh-1996}
    }

@proceedings{Klapisch5286-1996,
    editor = {Klapisch-Zuber, Christiane and M. de Giorgio},
    editortype = {dir.},
    title = {Storia delle donne in Italia. Storia del matrimonio},
    booktitle = {Storia delle donne in Italia. Storia del matrimonio},
    publisher = {Laterza},
    location = {Rome-Bari},
    year = 1996,
    pagetotal = {},
    language = {italien},
    keywords = {proceedings-crh, crh-1996}
    }

@proceedings{LeBras5315-1996,
    editor = {Le Bras, Hervé and E. Malet},
    editortype = {dir.},
    title = {Science et démocratie},
    booktitle = {Science et démocratie},
    publisher = {},
    location = {Paris},
    year = 1996,
    pagetotal = {},
    language = {français},
    keywords = {proceedings-crh, crh-1996}
    }

@proceedings{LeBras5316-1996,
    editor = {Le Bras, Hervé and F. Ronsin and E. Zucker},
    editortype = {dir.},
    title = {Population et politique},
    booktitle = {Population et politique},
    publisher = {},
    location = {Dijon},
    year = 1996,
    pagetotal = {},
    language = {français},
    keywords = {proceedings-crh, crh-1996}
    }

@proceedings{Lepetit5327-1996,
    editor = {Lepetit, Bernard and P. Clark},
    editortype = {dir.},
    title = {Capital Cities and Their Hinterlands in Early Modern Europe},
    booktitle = {Capital Cities and Their Hinterlands in Early Modern Europe},
    publisher = {Variorum},
    location = {Aldershot},
    year = 1996,
    pagetotal = {},
    language = {anglais},
    keywords = {proceedings-crh, crh-1996}
    }

@proceedings{Prochasson5477-1996,
    editor = {Prochasson, Christophe and J. Julliard and P. Balmand,et M. Winock},
    editortype = {dir.},
    title = {Dictionnaire des intellectuels. Les personnes, les lieux, les moments},
    booktitle = {Dictionnaire des intellectuels. Les personnes, les lieux, les moments},
    publisher = {Seuil},
    location = {Paris},
    year = 1996,
    pagetotal = {},
    language = {français},
    keywords = {proceedings-crh, crh-1996}
    }

@proceedings{Revel5484-1996,
    editor = {Revel, Jacques and L. Hunt},
    editortype = {dir.},
    title = {Histories},
    booktitle = {Histories},
    publisher = {The New Press},
    location = {New York},
    year = 1996,
    pagetotal = {},
    language = {anglais},
    keywords = {proceedings-crh, crh-1996}
    }

@proceedings{Revel5485-1996,
    editor = {Revel, Jacques},
    editortype = {dir.},
    title = {Jeux d'échelles. La micro-analyse à l'expérience},
    booktitle = {Jeux d'échelles. La micro-analyse à l'expérience},
    publisher = {Seuil-Gallimard},
    location = {Paris},
    year = 1996,
    pagetotal = {},
    language = {français},
    keywords = {proceedings-crh, crh-1996}
    }

@proceedings{Revel5487-1996,
    editor = {Revel, Jacques and N. Wachtel},
    editortype = {dir.},
    title = {Une École pour les sciences sociales. De la VIe section à l'Ecole des Hautes Etudes en Sciences Sociale},
    booktitle = {Une École pour les sciences sociales. De la VIe section à l'Ecole des Hautes Etudes en Sciences Sociale},
    publisher = {Cerf},
    location = {Paris},
    year = 1996,
    pagetotal = {},
    language = {français},
    keywords = {proceedings-crh, crh-1996}
    }

@proceedings{Schmitt5532-1996,
    editor = {Schmitt, Jean-Claude and J. Baschet},
    editortype = {dir.},
    title = {L'image. Fonctions et usages des images dans l'occident médiéval},
    booktitle = {L'image. Fonctions et usages des images dans l'occident médiéval},
    publisher = {Le Léopard d'Or},
    location = {Paris},
    year = 1996,
    pagetotal = {312},
    language = {français},
    keywords = {proceedings-crh, crh-1996}
    }

@incollection{Fontaine182-1996,
    author = {Fontaine, Laurence},
    editor = {M. Körner and F. Walter},
    title = {Pierre Rullier colporteur horloger-bijoutier Savoyard au XVIIIe siècle},
    booktitle = {Quand la Montagne aussi a une histoire. Mélanges offerts à Jean-François Bergier},
    publisher = {Haupt},
    location = {Berne},
    year = 1996,
    pagetotal = {},
    language = {français},
    keywords = {melanges-crh, crh-1996}
    }

@incollection{Revel783-1996,
    author = {Revel, Jacques},
    editor = {Françoise Parot},
    title = {Psychologie historique et histoire des mentalités},
    booktitle = {Pour une psychologie historique. Ecrits en hommage à Ignace Meyerson},
    publisher = {PUF},
    location = {Paris},
    year = 1996,
    pagetotal = {19},
    language = {français},
    keywords = {melanges-crh, crh-1996}
    }

@incollection{Chartier4961-1996,
    author = {Chartier, Roger},
    editor = {Françoise Parot},
    title = {Lire Meyerson aujourd'hui},
    booktitle = {Pour une Psychologie historique. Ecrits en hommage à Ignace Meyerson},
    publisher = {PUF},
    location = {Paris},
    year = 1996,
    pagetotal = {5},
    language = {français},
    keywords = {melanges-crh, crh-1996}
    }

@incollection{Klapisch5283-1996,
    author = {Klapisch-Zuber, Christiane},
    editor = {S. Cohn and G. Dameron},
    title = {David Herlihy and the Florentine Catasto},
    booktitle = {Portraits of medieval and Renaissance living. Essays in memory of David Herlihy},
    publisher = {The University of Michigan Press},
    location = {Ann Arbor (Michigan)},
    year = 1996,
    pagetotal = {8},
    language = {anglais},
    keywords = {melanges-crh, crh-1996}
    }

@incollection{Schmitt5527-1996,
    author = {Schmitt, Jean-Claude},
    editor = {Cl. Duhamel-Amado and G. Lobrichon},
    title = {Représentations},
    booktitle = {Georges Duby, L'écriture de l'histoire},
    publisher = {De Boeck Université},
    location = {Bruxelles},
    year = 1996,
    pagetotal = {12},
    language = {français},
    keywords = {melanges-crh, crh-1996}
    }

@incollection{Guéry2-1996,
    author = {Guéry, Alain},
    editor = {N. Bulst and R. Descimon and A. Guerreau},
    title = {Le roi est dieu, le roi et Dieu},
    booktitle = {L'Etat ou le roi. Les fondations de la modernité monarchique en France XIVe-XVIIe siècles,},
    publisher = {MSH},
    location = {Paris},
    year = 1996,
    pagetotal = {21},
    language = {français},
    keywords = {collectif-crh, crh-1996}
    }

@incollection{Hartog5-1996,
    author = {Hartog, François},
    editor = {S. Settis},
    title = {Il Confronto con gli Antichi},
    booktitle = {Noi e I Greci},
    publisher = {Einaudi},
    location = {Turin},
    year = 1996,
    pagetotal = {35},
    language = {italien},
    keywords = {collectif-crh, crh-1996}
    }

@incollection{Julliard13-1996,
    author = {Julliard, Jacques},
    editor = {?},
    title = {Mendès France, le mythe},
    booktitle = {Pierre Mendès France et l'esprit républicain,},
    publisher = {},
    location = {Paris},
    year = 1996,
    pagetotal = {9},
    language = {français},
    keywords = {collectif-crh, crh-1996}
    }

@incollection{Julia14-1996,
    author = {Julia, Dominique},
    editor = {L. Giard and L. De Vaucelles},
    title = {Généalogie de la Ratio Studiorum},
    booktitle = {Les Jésuites à l'âge baroque, 1540-1640},
    publisher = {Jérôme Million},
    location = {Grenoble},
    year = 1996,
    pagetotal = {16},
    language = {français},
    keywords = {collectif-crh, crh-1996}
    }

@incollection{Jouhaud17-1996,
    author = {Jouhaud, Christian},
    editor = {L. Giard and L. De Vaucelles},
    title = {La méthode de François Garasse},
    booktitle = {Les Jésuites à l'âge baroque, 1540-1640},
    publisher = {Editions Jérôme Million},
    location = {Grenoble},
    year = 1996,
    pagetotal = {18},
    language = {français},
    keywords = {collectif-crh, crh-1996}
    }

@incollection{Julia26-1996,
    author = {Julia, Dominique},
    editor = {?},
    title = {Eglises, société, éducation à l'époque moderne. La transformation des collèges au XVIe et XVIIe siècles},
    booktitle = {Pédagogie chrétienne pédagogues chrétiens,},
    publisher = {Editions Don Bosco},
    location = {Paris},
    year = 1996,
    pagetotal = {24},
    language = {français},
    keywords = {collectif-crh, crh-1996}
    }

@incollection{Goldberg42-1996,
    author = {Goldberg, Sylvie-Anne},
    editor = {?},
    title = {Paragraphs on Jewish Time},
    booktitle = {Greeks and Jews : The Dialogue Throughout Generations},
    publisher = {},
    location = {Saint-Petersbourg},
    year = 1996,
    pagetotal = {10},
    language = {anglais},
    keywords = {collectif-crh, crh-1996}
    }

@incollection{Klapisch43-1996,
    author = {Klapisch-Zuber, Christiane},
    editor = {M. J. Maynes and B. Soland and U. Strasser and A. Waltner},
    title = {Family Trees and the Construction of Kinship in Renaissance Italy},
    booktitle = {Gender, Kinship, Power. A comparative and interdisciplinary history},
    publisher = {Routledge},
    location = {New York/Londres},
    year = 1996,
    pagetotal = {14},
    language = {anglais},
    keywords = {collectif-crh, crh-1996}
    }

@incollection{Grenier47-1996,
    author = {Grenier, Jean-Yves},
    editor = {J. Berchtold and M. Porret},
    title = {De la richesse à la valeur : les métamorphoses d'une notion au XVIII° siècle},
    booktitle = {Être riche au siècle de Voltaire},
    publisher = {Droz},
    location = {Genève},
    year = 1996,
    pagetotal = {29},
    language = {français},
    keywords = {collectif-crh, crh-1996}
    }

@incollection{Guerreau49-1996,
    author = {Guerreau, Alain},
    editor = {M. Jannet and Ch. Sapin},
    title = {Notes métrologiques sur Saint-Bénigne de Dijon et Saint-Pierre de Genève (XIe-XIIIe siècles)},
    booktitle = {Guillaume de Volpiano et l'architecture des rotondes},
    publisher = {},
    location = {Dijon},
    year = 1996,
    pagetotal = {16},
    language = {français},
    keywords = {collectif-crh, crh-1996}
    }

@incollection{Guerreau50-1996,
    author = {Guerreau, Alain},
    editor = {N. Bulst and R. Descimon and A. Guerreau},
    title = {Quelques caractères spécifiques de l'espace féodal européen},
    booktitle = {L'Etat ou le Roi. Les fondations de la modernité monarchique en France (XIVe-XVIIe siècles)},
    publisher = {},
    location = {Paris},
    year = 1996,
    pagetotal = {17},
    language = {français},
    keywords = {collectif-crh, crh-1996}
    }

@incollection{Grinberg54-1996,
    author = {Grinberg, Martine},
    editor = {D. Bourcier and C. Thomasset},
    title = {La rédaction des coutumes : effets rhétoriques et sociaux},
    booktitle = {L'Ecriture du droit},
    publisher = {Diderot éditeur},
    location = {Paris},
    year = 1996,
    pagetotal = {19},
    language = {français},
    keywords = {collectif-crh, crh-1996}
    }

@incollection{Green56-1996,
    author = {Green, Nancy},
    editor = {L. Bergeron},
    title = {La confection en comparaison : visions réciproques, Paris - New York, 1880-1980},
    booktitle = {La Révolution des aiguilles : Habiller les Français et les Américains, 19e-20e siècles,},
    publisher = {EHESS},
    location = {Paris},
    year = 1996,
    pagetotal = {16},
    language = {français},
    keywords = {collectif-crh, crh-1996}
    }

@incollection{Green58-1996,
    author = {Green, Nancy},
    editor = {D. Hoerder and L. Page Moch},
    title = {The Modern Jewish Diaspora : Eastern European Jews in New York, London, and Paris},
    booktitle = {European Migrants : Global and Local Perspectives,},
    publisher = {Notheastern University Press},
    location = {Boston},
    year = 1996,
    pagetotal = {19},
    language = {anglais},
    keywords = {collectif-crh, crh-1996}
    }

@incollection{Gribaudi67-1996,
    author = {Gribaudi, Maurizio},
    editor = {J. Revel},
    title = {Echelle, pertinence, configuration},
    booktitle = {Jeux d'échelles,},
    publisher = {Seuil},
    location = {Paris},
    year = 1996,
    pagetotal = {28},
    language = {français},
    keywords = {collectif-crh, crh-1996}
    }

@incollection{Ducreux76-1996,
    author = {Ducreux-Lakits, Marie-Elisabeth},
    editor = {A. Mares},
    title = {Les Tchèques et leur histoire},
    booktitle = {L'Histoire et les historiens en Europe Centrale et Orientale après 1989},
    publisher = {L'Harmattan},
    location = {Paris},
    year = 1996,
    pagetotal = {},
    language = {français},
    keywords = {collectif-crh, crh-1996}
    }

@incollection{Dewerpe83-1996,
    author = {Dewerpe, Alain},
    editor = {P. Hertner},
    title = {Maestranze operaie e quadri tecnici, 1903-1914},
    booktitle = {Storia dell'Ansaldo. 3. Dai Bombrini ai Perrone 1903-1914},
    publisher = {Laterza},
    location = {Bari},
    year = 1996,
    pagetotal = {24},
    language = {italien},
    keywords = {collectif-crh, crh-1996}
    }

@incollection{Lepetit104-1996,
    author = {Lepetit, Bernard},
    editor = {J. Revel and N. Waechtel},
    title = {Les Annales : portrait de groupe avec revue},
    booktitle = {Une École pour les sciences sociales,},
    publisher = {Cerf/EHESS},
    location = {Paris},
    year = 1996,
    pagetotal = {},
    language = {français},
    keywords = {collectif-crh, crh-1996}
    }

@incollection{Derouet122-1996,
    author = {Derouet, Bernard},
    editor = {F. Chacon Jimenez},
    title = {La transmission égalitaire du patrimoine dans la France rurale (XVIe-XIXe siècles) : nouvelles perspectives de recherche},
    booktitle = {Historia de la Familia,},
    publisher = {},
    location = {Murcia},
    year = 1996,
    pagetotal = {19},
    language = {français},
    keywords = {collectif-crh, crh-1996}
    }

@incollection{Derouet124-1996,
    author = {Derouet, Bernard},
    editor = {A. Bideau and G. Brunet and K. A. Lynch and A. Perrenoud},
    title = {Nuptialité et reproduction familiale dans les systèmes d'héritage masculin : l'exemple de la Franche-Comté},
    booktitle = {Les Systèmes démographiques européens},
    publisher = {},
    location = {},
    year = 1996,
    pagetotal = {},
    language = {français},
    keywords = {collectif-crh, crh-1996}
    }

@incollection{Depeyrot126-1996,
    author = {Depeyrot, Georges},
    editor = {?},
    title = {Les médaillons d'or unifaces du quatrième siècle (319-340)},
    booktitle = {Italiam Fato Profvgi, Hesperinaque venerunt litora, Numismatic studies dedicated to Vladimir and Elvira Clain-Stefanelli},
    publisher = {publications d'histoire de l'art et d'archéologie de l'université catholique de Louvain},
    location = {Louvain-la-neuve},
    year = 1996,
    pagetotal = {8},
    language = {français},
    keywords = {collectif-crh, crh-1996}
    }

@incollection{Desrosiers135-1996,
    author = {Desrosiers, Sophie},
    editor = {?},
    title = {Draps d'areste (III) : Singularité du tissage et origine des tisserands},
    booktitle = {Islamische Textilkunst des Mittelalters : Aktuelle Probleme,},
    publisher = {Riggisberger Berichte},
    location = {},
    year = 1996,
    pagetotal = {13},
    language = {français},
    keywords = {collectif-crh, crh-1996}
    }

@incollection{Descimon137-1996,
    author = {Descimon, Robert},
    editor = {M. Boone and M. Prak},
    title = {Le corps de ville et le système cérémoniel parisien au début de l'âge moderne},
    booktitle = {Statuts individuels, statuts corporatifs et statuts judiciaires dans les villes européennes (moyen âge et temps modernes)},
    publisher = {},
    location = {Louvain},
    year = 1996,
    pagetotal = {56},
    language = {français},
    keywords = {collectif-crh, crh-1996}
    }

@incollection{Descimon139-1996,
    author = {Descimon, Robert},
    editor = {W. Reinhard},
    title = {Power Elites and the Prince : the State as Enterprise},
    booktitle = {Power Elites and State Building},
    publisher = {},
    location = {Oxford},
    year = 1996,
    pagetotal = {21},
    language = {anglais},
    keywords = {collectif-crh, crh-1996}
    }

@incollection{Descimon145-1996,
    author = {Descimon, Robert},
    editor = {J.-Ph. Genet and G. Lottes},
    title = {Les capitaines de la milice bourgeoise à Paris (1589-1651) : pour une prosopographie de l'espace social parisien},
    booktitle = {L'État moderne et les élites XIIIe-XVIIIe siècles},
    publisher = {},
    location = {Paris},
    year = 1996,
    pagetotal = {23},
    language = {français},
    keywords = {collectif-crh, crh-1996}
    }

@incollection{Descimon146-1996,
    author = {Descimon, Robert},
    editor = {J. Poumarède and J. Thomas},
    title = {L'invention de la noblesse de robe. La jurisprudence du parlement de Paris aux XVIe et XVIIe siècles},
    booktitle = {Les Parlements de province. Pouvoirs, justice et société du XVe au XVIIIe siècle},
    publisher = {},
    location = {Toulouse},
    year = 1996,
    pagetotal = {14},
    language = {français},
    keywords = {collectif-crh, crh-1996}
    }

@incollection{Fauve155-1996,
    author = {Fauve-Chamoux, Antoinette},
    editor = {T. Hareven},
    title = {Aging in a never empty nest : the elasticity of the stem family},
    booktitle = {Aging and generational relations over the life course},
    publisher = {Walter de Gruyter},
    location = {Berlin},
    year = 1996,
    pagetotal = {25},
    language = {anglais},
    keywords = {collectif-crh, crh-1996}
    }

@incollection{Fontaine159-1996,
    author = {Fontaine, Laurence},
    editor = {F. Barbier and S. Juratic and D. Varry},
    title = {Les colporteurs briançonnais. Forces et fragilités des réseaux de libraires et colporteurs au XVIIIe siècle},
    booktitle = {L'Europe et le livre. Réseaux et pratiques du négoce de librairie XVIe-XIXe siècles},
    publisher = {Klincksieck},
    location = {Paris},
    year = 1996,
    pagetotal = {17},
    language = {français},
    keywords = {collectif-crh, crh-1996}
    }

@incollection{Fontaine169-1996,
    author = {Fontaine, Laurence},
    editor = {R. Chartier and H.-J. Lüsebrink},
    title = {Colporteurs de livres dans l'Europe du XVIIIe siècle},
    booktitle = {Colportage et lecture populaire. Imprimés de large circulation en Europe XVIe-XIXe siècles},
    publisher = {IMEC/MSH},
    location = {Paris},
    year = 1996,
    pagetotal = {16},
    language = {français},
    keywords = {collectif-crh, crh-1996}
    }

@incollection{LeBras198-1996,
    author = {Le Bras, Hervé},
    editor = {R. Sheps},
    title = {Les modèles démographiques},
    booktitle = {Les Sciences de la prévision,},
    publisher = {Seuil},
    location = {Paris},
    year = 1996,
    pagetotal = {18},
    language = {français},
    keywords = {collectif-crh, crh-1996}
    }

@incollection{Emptoz206-1996,
    author = {Emptoz, Gérard},
    editor = {M.Bredimas},
    title = {Les musées de mémoire},
    booktitle = {La Science en scène,},
    publisher = {Presses de l'Ecole normale supérieure et Palais de la Découverte},
    location = {Paris},
    year = 1996,
    pagetotal = {1},
    language = {français},
    keywords = {collectif-crh, crh-1996}
    }

@incollection{Depeyrot208-1996,
    author = {Depeyrot, Georges},
    editor = {C.E.King and D.G.Wigg},
    title = {Les monnayages barbares sont-ils la continuité du monnayage romain ?},
    booktitle = {Coin Finds and Coin use in the Roman World},
    publisher = {},
    location = {Berlin},
    year = 1996,
    pagetotal = {9},
    language = {français},
    keywords = {collectif-crh, crh-1996}
    }

@incollection{LeBras211-1996,
    author = {Le Bras, Hervé},
    editor = {E. Malet},
    title = {Banlieues : la revanche de l'espace},
    booktitle = {Les Banlieues,},
    publisher = {UNESCO-passages},
    location = {Paris},
    year = 1996,
    pagetotal = {},
    language = {français},
    keywords = {collectif-crh, crh-1996}
    }

@incollection{Fabre218-1996,
    author = {Fabre, Pierre-Antoine},
    editor = {?},
    title = {Les Exercices spirituels sont-ils illustrables?},
    booktitle = {Les Jésuites à l'Âge baroque},
    publisher = {Million},
    location = {Grenoble},
    year = 1996,
    pagetotal = {},
    language = {français},
    keywords = {collectif-crh, crh-1996}
    }

@incollection{LeBras228-1996,
    author = {Le Bras, Hervé},
    editor = {P. Bairoch and E. Hobsbawn},
    title = {I Costumi d'Europa},
    booktitle = {Storia d'Europa,},
    publisher = {Einaudi},
    location = {Turin},
    year = 1996,
    pagetotal = {117},
    language = {italien},
    keywords = {collectif-crh, crh-1996}
    }

@incollection{Schnapper296-1996,
    author = {Schnapper, Dominique},
    editor = {S. Paugam},
    title = {Intégration et exclusion dans les sociétés modernes},
    booktitle = {L'exclusion. L'état des savoirs},
    publisher = {La découverte},
    location = {Paris},
    year = 1996,
    pagetotal = {9},
    language = {français},
    keywords = {collectif-crh, crh-1996}
    }

@incollection{Schnapper300-1996,
    author = {Schnapper, Dominique},
    editor = {?},
    title = {Les limites de l'expression 'l'entreprise citoyenne'},
    booktitle = {La Société en quête de valeurs},
    publisher = {Management EDF-GDF},
    location = {},
    year = 1996,
    pagetotal = {13},
    language = {français},
    keywords = {collectif-crh, crh-1996}
    }

@incollection{Schmitt312-1996,
    author = {Schmitt, Jean-Claude},
    editor = {?},
    title = {Réalité matérielle et réalité symbolique. A propos du soulier du Christ},
    booktitle = {Pictura quasi fictura. Die Rolle des Bildes in der Erforschung von Alltag und Sachkultur des Mittelalters und der frühen Neuzeit,},
    publisher = {Österreichische Akademie der Wissenschaften},
    location = {Vienne},
    year = 1996,
    pagetotal = {56},
    language = {français},
    keywords = {collectif-crh, crh-1996}
    }

@incollection{Schmitt322-1996,
    author = {Schmitt, Jean-Claude},
    editor = {?},
    title = {De l'Europe médiévale. Utopie, Histoire},
    booktitle = {Rêves d'Europe du Moyen Age à demain},
    publisher = {Centre Thomas More},
    location = {L'Arbresle},
    year = 1996,
    pagetotal = {14},
    language = {français},
    keywords = {collectif-crh, crh-1996}
    }

@incollection{Schmitt357-1996,
    author = {Schmitt, Jean-Claude},
    editor = {J. Baschet and J.-Cl. Schmitt},
    title = {Image : de l'image à l'imaginaire},
    booktitle = {L'image. Fonctions et usages des images dans l'Occident médiéval},
    publisher = {Le Léopard d'or},
    location = {Paris},
    year = 1996,
    pagetotal = {9},
    language = {français},
    keywords = {collectif-crh, crh-1996}
    }

@incollection{Julia389-1996,
    author = {Julia, Dominique},
    editor = {D.Julia and E.Becchi},
    title = {L'infanzia agli inizi dell'epoca moderna},
    booktitle = {Storia dell'Infanzia},
    publisher = {Laterza},
    location = {Rome-Bari},
    year = 1996,
    pagetotal = {81},
    language = {italien},
    keywords = {collectif-crh, crh-1996}
    }

@incollection{Valensi409-1996,
    author = {Valensi, Lucette},
    editor = {J. Revel and N. Wachtel},
    title = {L'anthropologie historique},
    booktitle = {Une École pour les sciences sociales. De la VIe section à l'Ecole des Hautes Etudes en Sciences Sociales,},
    publisher = {Cerf/EHESS},
    location = {Paris},
    year = 1996,
    pagetotal = {24},
    language = {français},
    keywords = {collectif-crh, crh-1996}
    }

@incollection{Stella424-1996,
    author = {Stella, Alessandro},
    editor = {B. Schlemmer},
    title = {Pour une histoire de l'enfant exploité, du Moyen Age à la révolution industrielle},
    booktitle = {L'Enfant exploité. Oppression, mise au travail, prolétarisation},
    publisher = {},
    location = {Paris},
    year = 1996,
    pagetotal = {21},
    language = {français},
    keywords = {collectif-crh, crh-1996}
    }

@incollection{Vincent441-1996,
    author = {Vincent, Bernard},
    editor = {B. Bennassar},
    title = {Les tremblements de terre en Espagne et au Portugal},
    booktitle = {Les Catastrophes naturelles dans l'Europe médiévale et moderne},
    publisher = {},
    location = {Toulouse},
    year = 1996,
    pagetotal = {18},
    language = {français},
    keywords = {collectif-crh, crh-1996}
    }

@incollection{Vincent448-1996,
    author = {Vincent, Bernard},
    editor = {H. Bresc},
    title = {L'esclavage en milieu rural espagnol au XVIIe siècle : l'exemple de la région d'Andalousie},
    booktitle = {Figures de l'esclave au Moyen Âge et dans le monde moderne},
    publisher = {},
    location = {Paris},
    year = 1996,
    pagetotal = {12},
    language = {français},
    keywords = {collectif-crh, crh-1996}
    }

@incollection{Vincent449-1996,
    author = {Vincent, Bernard},
    editor = {A. Sanchez-Picon},
    title = {El paisaje almeriense en los siglos XVI y XVII},
    booktitle = {Historia y medio ambiente en el territorio almeriense},
    publisher = {},
    location = {Almeria},
    year = 1996,
    pagetotal = {7},
    language = {espagnol},
    keywords = {collectif-crh, crh-1996}
    }

@incollection{Sigaut488-1996,
    author = {Sigaut, François},
    editor = {R. Ellen and K. Fukui},
    title = {Crops, techniques and affordances},
    booktitle = {Redefining Nature; Ecology, Culture and Domestication,},
    publisher = {Berg},
    location = {Oxford},
    year = 1996,
    pagetotal = {},
    language = {anglais},
    keywords = {collectif-crh, crh-1996}
    }

@incollection{Smedley525-1996,
    author = {Smedley-Weil, Anette},
    editor = {J. Cornette and H. Méchoulan},
    title = {Un conspirateur au temps de Louis XIV : le chevalier de Rohan},
    booktitle = {L'Etat classique 1652-1715},
    publisher = {Vrin},
    location = {Paris},
    year = 1996,
    pagetotal = {13},
    language = {français},
    keywords = {collectif-crh, crh-1996}
    }

@incollection{Stella531-1996,
    author = {Stella, Alessandro and B. Vincent},
    editor = {?},
    title = {L'esclavage en Espagne à l'époque moderne. Acquis et nouvelles orientations},
    booktitle = {Captius i esclaus a l'Antiguitat i al Mon Modern},
    publisher = {},
    location = {Naples},
    year = 1996,
    pagetotal = {},
    language = {français},
    keywords = {collectif-crh, crh-1996}
    }

@incollection{Sinarellis547-1996,
    author = {Sinarellis, Maroula},
    editor = {?},
    title = {La carte de Morée : deux approches spatiales},
    booktitle = {Les Témoignages sur l'espace et la société. Voyageurs et expéditions scientifiques (XVe-XIXe siècles),},
    publisher = {Institut de rechechesnéohelléniques/FNRS},
    location = {Athènes},
    year = 1996,
    pagetotal = {21},
    language = {français},
    keywords = {collectif-crh, crh-1996}
    }

@incollection{Bourdelais577-1996,
    author = {Bourdelais, Patrice and M.Demonet},
    editor = {A. Bideau and G. Brunet and K.-A. Lynch and A. Perrenoud},
    title = {L'évolution de la mortalité dans une ville industrielle : Le Creusot au XIXe siècle},
    booktitle = {Les Systèmes démographiques du passé},
    publisher = {},
    location = {Lyon},
    year = 1996,
    pagetotal = {22},
    language = {français},
    keywords = {collectif-crh, crh-1996}
    }

@incollection{Bourdelais595-1996,
    author = {Bourdelais, Patrice},
    editor = {S. Aymé and J.-C. Henrard},
    title = {La vieillesse : un regard historique et démographique},
    booktitle = {Handicap et vieillissement},
    publisher = {Editions de l'INSERM},
    location = {Paris},
    year = 1996,
    pagetotal = {14},
    language = {français},
    keywords = {collectif-crh, crh-1996}
    }

@incollection{Bonnain599-1996,
    author = {Bonnain-Dulon, Rolande},
    editor = {M.C. Bataille and F. Cousin},
    title = {La pâtisserie : du lien social à la revitalisation des terroirs},
    booktitle = {Cuisines},
    publisher = {},
    location = {Paris},
    year = 1996,
    pagetotal = {9},
    language = {français},
    keywords = {collectif-crh, crh-1996}
    }

@incollection{Braunstein639-1996,
    author = {Braunstein, Philippe},
    editor = {?},
    title = {L'essor minier et sidérurgique dans les Alpes au Moyen Âge},
    booktitle = {Les Maîtres de l'acier : Histoire du fer dans les Alpes},
    publisher = {Musée dauphinois},
    location = {Grenoble},
    year = 1996,
    pagetotal = {22},
    language = {français},
    keywords = {collectif-crh, crh-1996}
    }

@incollection{Bruhns640-1996,
    author = {Bruhns, Hinnerk and J.-M. David and W. Nippel},
    editor = {?},
    title = {Les institutions et les réseaux ou comment des traditions nationales se construisent sur un objet commun. Eléments pour une comparaison des institutions scientifiques françaises et allemandes en histoire ancienne},
    booktitle = {Die späte römische Republik - La fin de la république romaine. Un débat franco-allemand d'histoire et d'historiographie,},
    publisher = {Ecole française de Rome},
    location = {Rome},
    year = 1996,
    pagetotal = {},
    language = {français},
    keywords = {collectif-crh, crh-1996}
    }

@incollection{Bruhns641-1996,
    author = {Bruhns, Hinnerk},
    editor = {B. De Gerloni},
    title = {Stato, economia e società : Otto Hintze e Max Weber},
    booktitle = {Problemi e metodi della storiografia tedesca contemporanea},
    publisher = {Piccola Biblioteca Einaudi},
    location = {Turin},
    year = 1996,
    pagetotal = {},
    language = {italien},
    keywords = {collectif-crh, crh-1996}
    }

@incollection{Braunstein649-1996,
    author = {Braunstein, Philippe},
    editor = {?},
    title = {Grands chantiers et hommes de l'art},
    booktitle = {Leonard de Vinci et ses précurseurs, Les Cahiers de Science et Vie 'Grands Ingénieurs'},
    publisher = {},
    location = {},
    year = 1996,
    pagetotal = {9},
    language = {français},
    keywords = {collectif-crh, crh-1996}
    }

@incollection{Boureau681-1996,
    author = {Boureau, Alain},
    editor = {Domenico Gobbi},
    title = {Le retour de saint Equitius. Pierre de Jean Olivi et l'usage polémique de l'hagiographie},
    booktitle = {Florentissima Proles Ecclesiae. Miscellanea hagiographica, historica et liturgica Reginaldo Grégoire, o.s.b., XII lustra complenti oblata},
    publisher = {Civis (Bibiblioteca Civis, 9)},
    location = {Trente},
    year = 1996,
    pagetotal = {18},
    language = {français},
    keywords = {collectif-crh, crh-1996}
    }

@incollection{Boureau684-1996,
    author = {Boureau, Alain},
    editor = {N. Bulst and R. Descimon and A. Guerreau},
    title = {Ritualité politique et modernité monarchique},
    booktitle = {L'Etat ou le Roi. Les fondations de la modernité monarchique en France (XIVème-XVIème siècles)},
    publisher = {MSH},
    location = {Paris},
    year = 1996,
    pagetotal = {17},
    language = {français},
    keywords = {collectif-crh, crh-1996}
    }

@incollection{Boureau687-1996,
    author = {Boureau, Alain},
    editor = {R. Howard Bloch and S.G. Nichols},
    title = {Kantorowicz, or the Middle Ages as Refuge},
    booktitle = {Medievalism and the Modernist Temper,},
    publisher = {The John Hopkins Press},
    location = {Baltimore},
    year = 1996,
    pagetotal = {22},
    language = {anglais},
    keywords = {collectif-crh, crh-1996}
    }

@incollection{Aymard726-1996,
    author = {Aymard, Maurice},
    editor = {V. Teti},
    title = {L'alimentazione mediterranea : continuità e cambiamenti},
    booktitle = {Mangiare Meridiano. Le culture alimentari di Calabria e Basilicata},
    publisher = {},
    location = {Cosenza},
    year = 1996,
    pagetotal = {17},
    language = {italien},
    keywords = {collectif-crh, crh-1996}
    }

@incollection{Scherrer731-1996,
    author = {Scherrer, Jutta},
    editor = {K.-D. Eichler and U.-J. Schneider},
    title = {Auf der Suche nach der Tradition. Russisches Denken der Jahrhundertwende und seine Rezeption im heutigen Russland},
    booktitle = {Russische Philosophie im 20. Jahrhundert,},
    publisher = {Leipziger Universitätsvelag},
    location = {Leipzig},
    year = 1996,
    pagetotal = {18},
    language = {allemand},
    keywords = {collectif-crh, crh-1996}
    }

@incollection{Baschet752-1996,
    author = {Baschet, Jérôme},
    editor = {N. Nabert},
    title = {Satan ou la Majesté maléfique dans les miniatures de la fin du Moyen Age},
    booktitle = {Figures du Mal aux XIVè et XVè siècles},
    publisher = {},
    location = {Paris},
    year = 1996,
    pagetotal = {},
    language = {français},
    keywords = {collectif-crh, crh-1996}
    }

@incollection{Scherrer768-1996,
    author = {Scherrer, Jutta},
    editor = {W. Hedeler and M. Kessler and G. Schäfer},
    title = {Zeitströmungen der russischen Intelligenz},
    booktitle = {Ausblicke auf das vergangene Jahrhundert},
    publisher = {},
    location = {Hambourg},
    year = 1996,
    pagetotal = {12},
    language = {allemand},
    keywords = {collectif-crh, crh-1996}
    }

@incollection{Berlioz811-1996,
    author = {Berlioz, Jacques},
    editor = {Olivier Guyotjeannin and Emmanuel Poulle},
    title = {Le clerc et la fée (début du XIIIe siècle). Gerbert dans le <Vvi>De nugis curialium</Vvi> de Gautier Map},
    booktitle = {Autour de Gerbert d'Aurillac. Le pape de l'an mil},
    publisher = {Ecole des Chartes},
    location = {Paris},
    year = 1996,
    pagetotal = {7},
    language = {français},
    keywords = {collectif-crh, crh-1996}
    }

@incollection{Benoît828-1996,
    author = {Benoît, Serge},
    editor = {E. Malet and M. Paty},
    title = {Perspectives historiques : énergie et industrialisation},
    booktitle = {Penser le XXIe siècle. Le droit à l'énergie},
    publisher = {Editions Passages},
    location = {Paris},
    year = 1996,
    pagetotal = {8},
    language = {anglais},
    keywords = {collectif-crh, crh-1996}
    }

@incollection{Rosental834-1996,
    author = {Rosental, Paul-André},
    editor = {J. Revel},
    title = {Construire le macro par le micro : Fredrik Barth et la <Vvi>micro storia</Vvi>},
    booktitle = {Jeux d'échelles. La micro-analyse à l'expérience,},
    publisher = {Gallimard},
    location = {Paris},
    year = 1996,
    pagetotal = {},
    language = {français},
    keywords = {collectif-crh, crh-1996}
    }

@incollection{Bergeron841-1996,
    author = {Bergeron, Louis},
    editor = {M. Vovelle},
    title = {L'homme d'affaires},
    booktitle = {L'Homme des Lumières,},
    publisher = {},
    location = {Paris},
    year = 1996,
    pagetotal = {24},
    language = {français},
    keywords = {collectif-crh, crh-1996}
    }

@incollection{Rosental843-1996,
    author = {Rosental, Paul-André},
    editor = {?},
    title = {Les métamorphoses de la société depuis la Révolution},
    booktitle = {L'État de la France junior,},
    publisher = {La découverte},
    location = {Paris},
    year = 1996,
    pagetotal = {},
    language = {français},
    keywords = {collectif-crh, crh-1996}
    }

@incollection{Amiel854-1996,
    author = {Amiel, Charles},
    editor = {S. Gruzinski and N. Wachtel},
    title = {Juifs et Nouveaux-Chrétiens d'Espagne et d'Amérique. Points de vue},
    booktitle = {Le Nouveau Monde, Mondes Nouveaux. L'expérience américaine},
    publisher = {},
    location = {Paris},
    year = 1996,
    pagetotal = {},
    language = {français},
    keywords = {collectif-crh, crh-1996}
    }

@incollection{Amiel856-1996,
    author = {Amiel, Charles},
    editor = {A. Novinsky and D. Kuperman},
    title = {Os carceres de vigia da Inquisiçao portuguesa},
    booktitle = {Ibéria-Judaica: Roteiros da Memoria},
    publisher = {},
    location = {Rio de Janeiro-Sao Paulo},
    year = 1996,
    pagetotal = {},
    language = {portugais},
    keywords = {collectif-crh, crh-1996}
    }

@incollection{Andreau857-1996,
    author = {Andreau, Jean},
    editor = {M. Cébeillac Gervasoni},
    title = {Les enseignements de la table ronde: bilan et perspectives},
    booktitle = {Les élites municipales de l'Italie péninsulaire des Gracques à Néron},
    publisher = {EFR et centre Jean Bérard},
    location = {Rome-Naples},
    year = 1996,
    pagetotal = {},
    language = {français},
    keywords = {collectif-crh, crh-1996}
    }

@incollection{Demelas961-1996,
    author = {Demelas, Marie-Danièle},
    editor = {M. Bertrand and N. Laurent and M. Taillefer},
    title = {Le pronunciamiento, genèse d'une pratique},
    booktitle = {Violences et pouvoirs politiques},
    publisher = {PUM},
    location = {Toulouse},
    year = 1996,
    pagetotal = {20},
    language = {français},
    keywords = {collectif-crh, crh-1996}
    }

@incollection{Julia1003-1996,
    author = {Julia, Dominique},
    editor = {D.Julia and E.Becchi},
    title = {L'infanzia tra assolutismo e epoca dei lumi},
    booktitle = {Storia dell'Infanzia},
    publisher = {Laterza},
    location = {Rome-Bari},
    year = 1996,
    pagetotal = {97},
    language = {italien},
    keywords = {collectif-crh, crh-1996}
    }

@incollection{Demonet1583-1996,
    author = {Demonet, Michel and P. Bourdelais},
    editor = {A. Bideau and G. Brunet and K.-A. Lynch},
    title = {L'évolution de la mortalité dans une ville industrielle : Le Creusot au XIXe siècle},
    booktitle = {Les Systèmes démographiques du passé},
    publisher = {},
    location = {Lyon},
    year = 1996,
    pagetotal = {22},
    language = {français},
    keywords = {collectif-crh, crh-1996}
    }

@incollection{Cohen1584-1996,
    author = {Cohen, Yves},
    editor = {R. Fox},
    title = {Politics and a passion for production : France and the U.S.S.R. in the 1930s},
    booktitle = {Technological Change. Methods and Themes in the History of Technology},
    publisher = {Harwood Academic Publishers},
    location = {},
    year = 1996,
    pagetotal = {13},
    language = {anglais},
    keywords = {collectif-crh, crh-1996}
    }

@incollection{Dauphin1854-1996,
    author = {Dauphin-Memeteau, Cécile},
    editor = {P. Lebrun-Pèzerat and D. Poublan},
    title = {Le statut de la nouvelle politique dans une correspondance familiale : le cas de la guerre de 1870},
    booktitle = {La Lettre et le politique},
    publisher = {Champion},
    location = {Paris},
    year = 1996,
    pagetotal = {11},
    language = {français},
    keywords = {collectif-crh, crh-1996}
    }

@incollection{Mouradian1940-1996,
    author = {Mouradian, Claire},
    editor = {R. Berton-Hogge and M.-A. Crosnier},
    title = {Des politiques étrangères sous influence},
    booktitle = {Arménie, Azerbaïdjan, Géorgie, l'an V des indépendances,},
    publisher = {La documentation française},
    location = {Paris},
    year = 1996,
    pagetotal = {14},
    language = {français},
    keywords = {collectif-crh, crh-1996}
    }

@incollection{Delille2111-1996,
    author = {Delille, Gérard},
    editor = {M. De Giorgio and C. Klapisch-Zuber},
    title = {Strategie di alleanza e demografia del matrimonio},
    booktitle = {Storia del matrimonio},
    publisher = {Laterza},
    location = {Rome/Bari},
    year = 1996,
    pagetotal = {21},
    language = {italien},
    keywords = {collectif-crh, crh-1996}
    }

@incollection{Ozouf2150-1996,
    author = {Ozouf, Mona},
    editor = {?},
    title = {Les décrets des deux-tiers et les leçons de l'histoire},
    booktitle = {1795, Pour une République sans Révolution,},
    publisher = {},
    location = {Rennes},
    year = 1996,
    pagetotal = {17},
    language = {français},
    keywords = {collectif-crh, crh-1996}
    }

@incollection{Ozouf2257-1996,
    author = {Ozouf-Marignier, Marie-Vic and M.-C. Robic},
    editor = {A. Buttimer},
    title = {The Tableau is alive, and well... Reactions to the Tableau de la géographie de la France of Paul Vidal de la Blache},
    booktitle = {Text and image: Constructing regional knowledges},
    publisher = {},
    location = {},
    year = 1996,
    pagetotal = {},
    language = {anglais},
    keywords = {collectif-crh, crh-1996}
    }

@incollection{Piponnier2499-1996,
    author = {Piponnier, Françoise},
    editor = {J.-L. Flandrin and M. Montanari},
    title = {Du feu à la table, archéologie de l'équipement de bouche à la fin du Moyen Age},
    booktitle = {Histoire de l'alimentation},
    publisher = {},
    location = {Paris},
    year = 1996,
    pagetotal = {10},
    language = {français},
    keywords = {collectif-crh, crh-1996}
    }

@incollection{Cerutti2508-1996,
    author = {Cerutti, Simona},
    editor = {M. Boone and M. Prak},
    title = {Statut juridique individuel, statut juridique corporatif. Le Consulat de commerce de Turin au XVIIIe siècle},
    booktitle = {Statuts individuels, statuts corporatifs et statuts judiciaires dans les villes européennes (Moyen Âge et temps modernes),},
    publisher = {Garant},
    location = {Louvain},
    year = 1996,
    pagetotal = {18},
    language = {français},
    keywords = {collectif-crh, crh-1996}
    }

@incollection{Cerutti2518-1996,
    author = {Cerutti, Simona},
    editor = {J. Revel},
    title = {Processus et expérience : individus, groupes et identités à Turin, au XVIIe siècle},
    booktitle = {Jeux d'échelles. La micro-analyse à l'expérience},
    publisher = {Seuil/Gallimard},
    location = {Paris},
    year = 1996,
    pagetotal = {26},
    language = {français},
    keywords = {collectif-crh, crh-1996}
    }

@incollection{Podselver2567-1996,
    author = {Podselver, Laurence and A. Benveniste},
    editor = {N. Haumont},
    title = {Incidences du religieux dans l'organisation communautaire et la pratique des espaces urbains},
    booktitle = {La Ville, agrégation et ségrégation sociale},
    publisher = {L'Harmattan},
    location = {Paris},
    year = 1996,
    pagetotal = {12},
    language = {français},
    keywords = {collectif-crh, crh-1996}
    }

@incollection{Peter2697-1996,
    author = {Peter, Jean-Pierre},
    editor = {F.Héritier},
    title = {Connaissance et oblitération de la douleur dans l'histoire de la médecine},
    booktitle = {De la violence - Séminaire de Françoise Héritier},
    publisher = {Ed.Odile Jacob},
    location = {Paris},
    year = 1996,
    pagetotal = {26},
    language = {français},
    keywords = {collectif-crh, crh-1996}
    }

@incollection{Chartier3100-1996,
    author = {Chartier, Roger},
    editor = {Marieta De Moraes Ferreira and Janaína Amado},
    title = {A visão do historiador modernista},
    booktitle = {Usos e abusos da História oral},
    publisher = {Fundaçao Getuulio Vargas},
    location = {Rio de Janeiro},
    year = 1996,
    pagetotal = {4},
    language = {portugais},
    keywords = {collectif-crh, crh-1996}
    }

@incollection{Chase3330-1996,
    author = {Chase, Jane},
    editor = {I. Sachs},
    title = {La ville selon Lewis Mumford et Jane Jacobs},
    booktitle = {Quelle Ville pour quel développement ?},
    publisher = {PUF},
    location = {Paris},
    year = 1996,
    pagetotal = {22},
    language = {français},
    keywords = {collectif-crh, crh-1996}
    }

@incollection{Chartier3451-1996,
    author = {Chartier, Roger},
    editor = {Hira De Gortari and Guillermo Zermeño},
    title = {El príncipe, la biblioteca y la dedicatoria en los siglos XVI y XVII},
    booktitle = {Historiografía francesa. Corrientes temáticas y metodológicas recientes},
    publisher = {Centro Frances de Estudios Mexicanos y Centroamericanos},
    location = {Mexico},
    year = 1996,
    pagetotal = {26},
    language = {espagnol},
    keywords = {collectif-crh, crh-1996}
    }

@incollection{Chartier3452-1996,
    author = {Chartier, Roger},
    editor = {Jacques Revel and Nathan Wachtel},
    title = {L'histoire culturelle},
    booktitle = {Une École pour les sciences sociales. De la VIe section à l'Ecole des Hautes Etudes en Sciences Sociales},
    publisher = {Cerf/EHESS},
    location = {Paris},
    year = 1996,
    pagetotal = {20},
    language = {français},
    keywords = {collectif-crh, crh-1996}
    }

@incollection{Chartier3462-1996,
    author = {Chartier, Roger},
    editor = {M. Baratin and Ch. Jacob},
    title = {Le prince, la bibliothèque et la dédicace},
    booktitle = {Le pouvoir des bibliothèques. La mémoire des livres en Occident},
    publisher = {Albin Michel},
    location = {Paris},
    year = 1996,
    pagetotal = {20},
    language = {français},
    keywords = {collectif-crh, crh-1996}
    }

@incollection{Chartier3463-1996,
    author = {Chartier, Roger},
    editor = {M. Vovelle},
    title = {L'homme de lettres},
    booktitle = {L'Homme des Lumières},
    publisher = {Seuil},
    location = {Paris},
    year = 1996,
    pagetotal = {51},
    language = {français},
    keywords = {collectif-crh, crh-1996}
    }

@incollection{Chartier3704-1996,
    author = {Chartier, Roger},
    editor = {Maria Luisa Lopez-Vidriero and Pedro Catedra},
    title = {Le prince, la bibliothèque et la dédicace aux XVIe et XVIIe siècles},
    booktitle = {El libro antiguo español, III, El libro en Palacio y otros estudios bibliográficos},
    publisher = {Ediciones Universitad de Salamanca},
    location = {Salamanque},
    year = 1996,
    pagetotal = {20},
    language = {français},
    keywords = {collectif-crh, crh-1996}
    }

@incollection{Chartier4765-1996,
    author = {Chartier, Roger},
    editor = {S. Gruzinski and N. Wachtel},
    title = {Commentaire},
    booktitle = {Le Nouveau Monde, Mondes Nouveaux. L'expérience américaine,},
    publisher = {Editions Recherche sur les Civilisations/EHESS},
    location = {Paris},
    year = 1996,
    pagetotal = {3},
    language = {français},
    keywords = {collectif-crh, crh-1996}
    }

@incollection{Bourguet4849-1996,
    author = {Bourguet, Marie-Noëlle},
    editor = {M. Vovelle},
    title = {L'explorateur},
    booktitle = {L'homme des Lumières},
    publisher = {Seuil},
    location = {Paris},
    year = 1996,
    pagetotal = {62},
    language = {français},
    keywords = {collectif-crh, crh-1996}
    }

@incollection{Bourguet4850-1996,
    author = {Bourguet, Marie-Noëlle},
    editor = {D. Lecoq},
    title = {Voyage, collecte, collections. Le catalogue de la nature},
    booktitle = {Terre à découvrir, terres à parcourir},
    publisher = {Editions de l'Université Paris 7-Denis Diderot},
    location = {Paris},
    year = 1996,
    pagetotal = {124},
    language = {français},
    keywords = {collectif-crh, crh-1996}
    }

@incollection{Bruhns4862-1996,
    author = {Bruhns, Hinnerk and J.-M. David and W. Nippel},
    editor = {H.Bruhns and J.M.David and W.Nippel},
    title = {Zur Wirtschaftsgeschichte der römischen Republik in der deutschen Forschung},
    booktitle = {Die späte römische Republik - La fin de la république romaine. Un débat franco-allemand d'histoire et d'historiographie,},
    publisher = {Ecole française de Rome},
    location = {Rome},
    year = 1996,
    pagetotal = {},
    language = {allemand},
    keywords = {collectif-crh, crh-1996}
    }

@incollection{Nordman4914-1996,
    author = {Nordman, Daniel},
    editor = {N. Bulst and R. Descimon and A. Guerreau},
    title = {Droits historiques et construction géographique de l'espace français au XVIIe siècle},
    booktitle = {L'Etat ou le roi. Les fondations de la modernité monarchique en France (XIVe-XVIIe siècles)},
    publisher = {MSH},
    location = {Paris},
    year = 1996,
    pagetotal = {11},
    language = {français},
    keywords = {collectif-crh, crh-1996}
    }

@incollection{Nordman4935-1996,
    author = {Nordman, Daniel},
    editor = {?},
    title = {Délimitation, Etat et société dans le nord de la France (XVIIe et XVIIIe siècles)},
    booktitle = {Grenzen und Raumvorstellungen (11.-20. Jh.). Frontières et conceptions de l'espace (11e-20e siècles)},
    publisher = {Chronos Verlag},
    location = {Zurich},
    year = 1996,
    pagetotal = {17},
    language = {français},
    keywords = {collectif-crh, crh-1996}
    }

@incollection{Chartier4936-1996,
    author = {Chartier, Roger},
    editor = {T. Bijvoet and P. Koopman and L. Kuitert and G. Verhoeven},
    title = {Een leesrevolutie ? Afzetmarkten van het boek en leesgedrag in Frankrijk in de achttiende eeuw},
    booktitle = {Bladeren in andermans hoofd. Over lezers en leescultur},
    publisher = {SUN},
    location = {Nimègue},
    year = 1996,
    pagetotal = {25},
    language = {hollandais},
    keywords = {collectif-crh, crh-1996}
    }

@incollection{Chartier4937-1996,
    author = {Chartier, Roger},
    editor = {P. Nora},
    title = {The Saint-Malo-Geneva Line},
    booktitle = {Realms of Memory. The Construction of the French Past},
    publisher = {Columbia University Press},
    location = {New York},
    year = 1996,
    pagetotal = {31},
    language = {anglais},
    keywords = {collectif-crh, crh-1996}
    }

@incollection{Chartier4950-1996,
    author = {Chartier, Roger},
    editor = {Peter Jones},
    title = {Do Books Make Revolution ?},
    booktitle = {The French Revolution in Social and Political Perspective,},
    publisher = {Arnold},
    location = {Londres/New York},
    year = 1996,
    pagetotal = {23},
    language = {anglais},
    keywords = {collectif-crh, crh-1996}
    }

@incollection{Chartier4962-1996,
    author = {Chartier, Roger},
    editor = {I. Olábarri and F. J. Caspitegui},
    title = {La historia hoy en día : dudas, desafíos, propuestas},
    booktitle = {La "nueva" historial cultural: la influencia del posestructuralismo y el auge de la interdisciplinariedad},
    publisher = {Editorial Complutense},
    location = {Madrid},
    year = 1996,
    pagetotal = {15},
    language = {espagnol},
    keywords = {collectif-crh, crh-1996}
    }

@incollection{Chartier4963-1996,
    author = {Chartier, Roger},
    editor = {I. Olábarri and F. J. Caspitegui},
    title = {El pueblo y su cultura, et Las formas de expresion (el habla, la escritura, el gesto)},
    booktitle = {La 'nueva' historial cultural : la influencia del posestructuralismo y el auge de la interdisciplinariedad},
    publisher = {Editorial Complutense},
    location = {Madrid},
    year = 1996,
    pagetotal = {5},
    language = {espagnol},
    keywords = {collectif-crh, crh-1996}
    }

@incollection{Chartier4964-1996,
    author = {Chartier, Roger},
    editor = {I. Olábarri and F. J. Caspitegui},
    title = {Las formas de expresión (el habla, la escritura, el gesto)},
    booktitle = {La "nueva" historial cultural: la influencia del posestructuralismo y el auge de la interdisciplinariedad},
    publisher = {Editorial Complutense},
    location = {Madrid},
    year = 1996,
    pagetotal = {7},
    language = {espagnol},
    keywords = {collectif-crh, crh-1996}
    }

@incollection{Demelas5018-1996,
    author = {Demelas, Marie-Danièle and F. X. Guerra and E. Posada-Carbó},
    editor = {},
    title = {The Hispanic Revolutions : the Adoption of Modern Forms of Representation in Spain and America (1808-1814)},
    booktitle = {Elections before democracy. The history of elections in Europe and Latin America},
    publisher = {Institute of Latin American Studies},
    location = {Londres},
    year = 1996,
    pagetotal = {28},
    language = {anglais},
    keywords = {collectif-crh, crh-1996}
    }

@incollection{Desaive5065-1996,
    author = {Desaive, Jean-Paul},
    editor = {?},
    title = {Patrimoine et pressions familiales : sources littéraires et textes d'archives},
    booktitle = {L'Infrajudiciaire de l'Antiquité au XXe siècle,},
    publisher = {Université de Bourgogne},
    location = {Dijon},
    year = 1996,
    pagetotal = {10},
    language = {français},
    keywords = {collectif-crh, crh-1996}
    }

@incollection{Kriegel5129-1996,
    author = {Kriegel, Maurice},
    editor = {S. Gruzinski and N. Wachtel},
    title = {Entre question des Nouveaux-Chrétiens et expulsion des Juifs : la double modernité des procès d'exclusion dans l'Espagne du XVe siècle},
    booktitle = {Le Nouveau Monde, Mondes Nouveaux. L'expérience américaine},
    publisher = {EHESS},
    location = {Paris},
    year = 1996,
    pagetotal = {23},
    language = {français},
    keywords = {collectif-crh, crh-1996}
    }

@incollection{Klapisch5150-1996,
    author = {Klapisch-Zuber, Christiane},
    editor = {?},
    title = {Vrais et faux magnats. L'application des Ordonnances de Justice florentines au XIVe siècle},
    booktitle = {Magnati e popolani nell'Italia comunale},
    publisher = {},
    location = {Pistouia},
    year = 1996,
    pagetotal = {19},
    language = {français},
    keywords = {collectif-crh, crh-1996}
    }

@incollection{Goubert5209-1996,
    author = {Goubert, Jean-Pierre},
    editor = {?},
    title = {Le rôle social des médecins dans la France du XIXe siècle},
    booktitle = {Eliten in Deutschland and Frankreich im 19. und 20. Jahrhundert. Strukturen und Beziehungen,},
    publisher = {},
    location = {Munich},
    year = 1996,
    pagetotal = {5},
    language = {français},
    keywords = {collectif-crh, crh-1996}
    }

@incollection{Ozouf5403-1996,
    author = {Ozouf, Mona},
    editor = {?},
    title = {Das Pantheon. Freiheit, Gleichheit, Brüderlichkeit,},
    booktitle = {Das Pantheon. Freiheit, Gleichheit, Brüderlichkeit,},
    publisher = {},
    location = {Berlin},
    year = 1996,
    pagetotal = {93},
    language = {allemand},
    keywords = {collectif-crh, crh-1996}
    }

@incollection{Fridenson5525-1996,
    author = {Fridenson, Patrick},
    editor = {L. Badel},
    title = {Réflexions sur les étapes de la nationalisation de l'électricité},
    booktitle = {La Nationalisation de l'électricité en France. Nécessité technique ou logique politique},
    publisher = {PUF},
    location = {Paris},
    year = 1996,
    pagetotal = {12},
    language = {français},
    keywords = {collectif-crh, crh-1996}
    }

@incollection{Hartog5621-1996,
    author = {Hartog, François},
    editor = {. R. Torstendhal and I. Veit-Brause},
    title = {Time, History and the Writing of History : the Order of Time},
    booktitle = {History-Making, the intellectual and Social Formation of a Discipline},
    publisher = {},
    location = {Uppsala},
    year = 1996,
    pagetotal = {19},
    language = {anglais},
    keywords = {collectif-crh, crh-1996}
    }

@incollection{Klapisch5281-1996,
    author = {Klapisch-Zuber, Christiane and M. de Giorgio},
    editor = {},
    title = {introduzione},
    booktitle = {Storia del matrimonio},
    publisher = {Laterza},
    location = {Rome-Bari},
    year = 1996,
    pagetotal = {14},
    language = {italien},
    keywords = {intro-preface-crh, crh-1996}
    }

@incollection{Vincent5614-1996,
    author = {Vincent, Bernard},
    editor = {J.-P. Duviols and A. Molinié-Bertrand},
    title = {Présentation},
    booktitle = {Enfers et damnations dans le monde hispanique et hispano-américain},
    publisher = {},
    location = {Paris},
    year = 1996,
    pagetotal = {7},
    language = {français},
    keywords = {intro-preface-crh, crh-1996}
    }

@incollection{Julia5262-1996,
    author = {Julia, Dominique and E. Becchi},
    editor = {D.Julia and E.Becchi},
    title = {introduction},
    booktitle = {Storia dell'Infanzia},
    publisher = {Laterza},
    location = {Rome-Bari},
    year = 1996,
    pagetotal = {1},
    language = {italien},
    keywords = {intro-book-crh, crh-1996}
    }

@incollection{Poublan5461-1996,
    author = {Poublan, Danièle},
    editor = {P. Lebrun-Pèzerat and D. Poublan},
    title = {Introduction},
    booktitle = {La Lettre et le politique, Actes du colloque de Calais 17-19 septembre 1993,},
    publisher = {Champion},
    location = {Paris},
    year = 1996,
    pagetotal = {14},
    language = {français},
    keywords = {intro-book-crh, crh-1996}
    }

@article{Béaur4763-1996,
    author = {Béaur, Gérard},
    title = {Introduction au numéro: Prix, production, productivité agricoles},
    journal = {Histoire et Mesure},
    year = 1996,
    language = {français},
    keywords = {intro-journal-crh, crh-1996}
    }

@article{Pesez5417-1996,
    author = {Pesez, Jean-Marie},
    title = {Avant-propos},
    journal = {Ruralia,},
    year = 1996,
    language = {français},
    keywords = {intro-journal-crh, crh-1996}
    }

@article{Sigaut5579-1996,
    author = {Sigaut, François},
    title = {Introduction au thème},
    journal = {L'Archéologie industrielle},
    year = 1996,
    language = {français},
    keywords = {intro-journal-crh, crh-1996}
    }

@article{Stella5586-1996,
    author = {Stella, Alessandro},
    title = {Introduction: Les dépendances au travail},
    journal = {Médiévales},
    year = 1996,
    language = {français},
    keywords = {intro-journal-crh, crh-1996}
    }

@article{Carrié4874-1996,
    author = {Carrié, Jean-Michel},
    title = {Editorial},
    journal = {Antiquité Tardive},
    issuetitle = {},
    year = 1996,
    language = {français},
    keywords = {preface-journal-crh, crh-1996}
    }

@incollection{Aymard4750-1996,
    author = {Aymard, Maurice},
    editor = {},
    title = {Préface},
    booktitle = {Ecrits de Fernand Braudel, t.I: Autour de la Méditerranée},
    publisher = {Editions de Fallois},
    location = {Paris},
    year = 1996,
    pagetotal = {},
    language = {français},
    keywords = {preface-book-crh, crh-1996}
    }

@incollection{Chartier4959-1996,
    author = {Chartier, Roger},
    editor = {F. Barbier and S. Juratic and D. Varry},
    title = {Postface. La librairie d'Ancien Régime},
    booktitle = {L'Europe et le livre. Réseaux et pratiques du négoce de librairie, XVIe-XIXe siècles},
    publisher = {Klincksieck},
    location = {Paris},
    year = 1996,
    pagetotal = {23},
    language = {français},
    keywords = {preface-book-crh, crh-1996}
    }

@incollection{Chaussinand4989-1996,
    author = {Chaussinand-Nogaret, Guy},
    editor = {},
    title = {préface},
    booktitle = {L'Argent dans la France méridionale à l'époque moderne,},
    publisher = {},
    location = {Montpellier},
    year = 1996,
    pagetotal = {9},
    language = {français},
    keywords = {preface-book-crh, crh-1996}
    }

@incollection{Depeyrot5052-1996,
    author = {Depeyrot, Georges},
    editor = {},
    title = {Préface},
    booktitle = {Les Imitations des monnaies d'Alexandre le Grand et de Thasos,},
    publisher = {},
    location = {Wetteren},
    year = 1996,
    pagetotal = {1},
    language = {français},
    keywords = {preface-book-crh, crh-1996}
    }

@incollection{LeBras5311-1996,
    author = {Le Bras, Hervé},
    editor = {},
    title = {préface},
    booktitle = {Vieillissement et retraite au Japon,},
    publisher = {La documentation française},
    location = {Paris},
    year = 1996,
    pagetotal = {5},
    language = {français},
    keywords = {preface-book-crh, crh-1996}
    }

@incollection{Lepetit5338-1996,
    author = {Lepetit, Bernard},
    editor = {},
    title = {Comment peut-on être Cerdan ? Préface},
    booktitle = {Frontières et identités nationales. La France et l'Espagne dans les Pyrénées depuis le XVIIe siècle,},
    publisher = {Belin},
    location = {Paris},
    year = 1996,
    pagetotal = {6},
    language = {français},
    keywords = {preface-book-crh, crh-1996}
    }

@incollection{Noiriel5383-1996,
    author = {Noiriel, Gérard},
    editor = {},
    title = {préface},
    booktitle = {La "Vraie France",},
    publisher = {Belin},
    location = {Paris},
    year = 1996,
    pagetotal = {},
    language = {français},
    keywords = {preface-book-crh, crh-1996}
    }

@incollection{Ozouf5402-1996,
    author = {Ozouf, Mona},
    editor = {},
    title = {préface},
    booktitle = {La fête républicaine,},
    publisher = {},
    location = {Paris},
    year = 1996,
    pagetotal = {14},
    language = {français},
    keywords = {preface-book-crh, crh-1996}
    }

@incollection{Ozouf5405-1996,
    author = {Ozouf, Mona},
    editor = {},
    title = {Préface},
    booktitle = {L'Ecole républicaine et les petites patries,},
    publisher = {},
    location = {Paris},
    year = 1996,
    pagetotal = {11},
    language = {français},
    keywords = {preface-book-crh, crh-1996}
    }

@incollection{Pesez5416-1996,
    author = {Pesez, Jean-Marie},
    editor = {},
    title = {préface},
    booktitle = {La Maison du Castrum de la bordure méridionale du Massif Central},
    publisher = {},
    location = {Carcassonne},
    year = 1996,
    pagetotal = {3},
    language = {français},
    keywords = {preface-book-crh, crh-1996}
    }

@incollection{Schmitt5526-1996,
    author = {Schmitt, Jean-Claude},
    editor = {},
    title = {Prefàcio},
    booktitle = {A Eva barbada. Ensaios de mitologia medieval,},
    publisher = {Editora da Universidade de Sao Paulo},
    location = {Sao Paulo},
    year = 1996,
    pagetotal = {5},
    language = {portugais},
    keywords = {preface-book-crh, crh-1996}
    }

@book{Braunstein4853-1996,
    author = {Braunstein, Philippe},
    title = {Marchands du Nord. Espaces et trafics à l'époque moderne},
    publisher = {Presses de l'Ecole normale supérieure},
    series = {},
    location = {Paris},
    year = 1996,
    pagetotal = {},
    language = {français},
    % addendum = {Edition et avant-propos},
    keywords = {edition-txt-crh, crh-1996}
    }

@book{Chartier4974-1996,
    author = {Chartier, Roger},
    title = {Ensayos de la memoria 1943-1983},
    publisher = {Grupo Editorial Norma},
    series = {},
    location = {Santafe de Bogota},
    year = 1996,
    pagetotal = {23},
    language = {espagnol},
    % addendum = {Prólogo},
    keywords = {edition-txt-crh, crh-1996}
    }

@book{Depeyrot5050-1996,
    author = {Depeyrot, Georges},
    title = {Description générale des monnaies mérovingiennes par ordre alphabétique des ateliers, 5 volumes},
    publisher = {},
    series = {},
    location = {Paris},
    year = 1996,
    pagetotal = {},
    language = {français},
    % addendum = {réédition, introduction et mise à jour bibliographique},
    keywords = {edition-txt-crh, crh-1996}
    }

@book{Giard5193-1996,
    author = {Giard, Luce},
    title = {Fabula mistica,},
    publisher = {},
    series = {},
    location = {Tasi (Roumanie)},
    year = 1996,
    pagetotal = {9},
    language = {roumain},
    % addendum = {préface: Ce qui fut peut encore être lu},
    keywords = {edition-txt-crh, crh-1996}
    }

@book{Hartog5241-1996,
    author = {Hartog, François},
    title = {La Cité antique},
    publisher = {Flammarion},
    series = {Champs},
    location = {Paris},
    year = 1996,
    pagetotal = {},
    language = {français},
    % addendum = {Préface},
    keywords = {edition-txt-crh, crh-1996}
    }

@book{Julliard5274-1996,
    author = {Julliard, Jacques},
    title = {Discours sur l'origine et les fondements de l'inégalité parmi les hommes,},
    publisher = {},
    series = {},
    location = {Paris},
    year = 1996,
    pagetotal = {38},
    language = {français},
    % addendum = {Préface},
    keywords = {edition-txt-crh, crh-1996}
    }

@book{Vincent5613-1996,
    author = {Vincent, Bernard},
    title = {Los Moriscos del Reino de Granada según el sínodo de Guadix de 1554,},
    publisher = {},
    series = {},
    location = {Grenade},
    year = 1996,
    pagetotal = {1},
    language = {espagnol},
    % addendum = {Présentation à la réédition},
    keywords = {edition-txt-crh, crh-1996}
    }

@report{Chapelot4889-1996,
    author = {Chapelot, Jean and G. Alexandre and K. Berthier and S. Buttner and S. Jardin and V. Mataouchek and L. Vissière},
    title = {Sondages archéologiques dans le château de Vincennes : sondages au revers des voûtes des premier, second et troisième étages du donjon; sondages archéologiques dans les douves contre le pont de la tour du Village},
    publisher = {},
    institution = {Equipe de recherche sur le château de Vincennes et la banlieue est},
    location = {},
    year = 1996,
    pagetotal = {},
    language = {français},
    keywords = {report-crh, crh-1996}
    }

@report{Chapelot4890-1996,
    author = {Chapelot, Jean and S. Büttner and C. Cammas and C. Carrierre-Desbois and R. Guillemin and P. MacIntyre and E. Marmet},
    title = {Fouilles du manoir de Vincennes (1991-1996). Document final de synthès},
    publisher = {},
    institution = {Equipe de recherche sur le château de Vincennes et la banlieue est},
    location = {},
    year = 1996,
    pagetotal = {},
    language = {français},
    keywords = {report-crh, crh-1996}
    }

@report{Chapelot4893-1996,
    author = {Chapelot, Jean and H.S. Tasman},
    title = {La Tour de latrines du donjon de Vincennes. Reconnaissance architecturale},
    publisher = {},
    institution = {Equipe de recherche sur le château de Vincennes et la banlieue est},
    location = {},
    year = 1996,
    pagetotal = {},
    language = {français},
    keywords = {report-crh, crh-1996}
    }

@book{Brabant4852-1996,
    author = {Brabant, Eva and M. Martin},
    title = {traduction de Gésa Csath: En se comblant mutuellement de bonheur},
    publisher = {Petite bibliothèque d'Ombres},
    series = {},
    location = {Toulouse},
    year = 1996,
    pagetotal = {},
    language = {français},
    keywords = {traduction-crh, crh-1996}
    }

@book{Descimon5070-1996,
    author = {Descimon, Robert},
    title = {traduction: Les Élites du pouvoir et la construction de l'État en Europe},
    publisher = {},
    series = {},
    location = {Paris},
    year = 1996,
    pagetotal = {414},
    language = {français},
    keywords = {traduction-crh, crh-1996}
    }

@book{Depeyrot5048-1996,
    author = {Depeyrot, Georges},
    editor = {},
    title = {Crisis e inflación entre la antigüedad y la edad media},
    publisher = {},
    series = {},
    location = {Barcelone},
    year = 1996,
    pagetotal = {},
    language = {espagnol},
    addendum = {réédition},
    keywords = {reedition-crh, crh-1996}
    }

@book{Goldberg5203-1996,
    author = {Goldberg, Sylvie-Anne},
    editor = {},
    title = {réédition du Dictionnaire Encyclopédique du Judaïsme. Esquisse de l'histoire du Peuple Juif},
    publisher = {Cerf},
    series = {réédition Cerf/Laffont},
    location = {Paris},
    year = 1996,
    pagetotal = {},
    language = {français},
    addendum = {réédition},
    keywords = {reedition-crh, crh-1996}
    }

@book{Brabant3781-1996,
    author = {Brabant, Eva and Ernst Falzeder and Patrizia Giampieri-Deutsch},
    editor = {A. Haynal},
    title = {Sigmund Freud, Sandor Ferenczi, Correspondance, tome 2 (1914-1919)},
    publisher = {Calmann-Lévy},
    series = {},
    location = {Paris},
    year = 1996,
    pagetotal = {},
    language = {allemand},
    keywords = {outil-recherche-crh, crh-1996}
    }

@book{Motte5357-1996,
    author = {Motte, Claude and G. Florenty},
    editor = {},
    title = {Dordogne, Dictionnaire des Paroisses et Communes de France, Histoire administrative et démographique},
    publisher = {},
    series = {},
    location = {Paris},
    year = 1996,
    pagetotal = {},
    language = {français},
    keywords = {outil-recherche-crh, crh-1996}
    }

