@article{Bonnain4811-1997,
    author = {Bonnain-Dulon, Rolande},
    title = {D'une pâtisserie traditionnelle, l'usage de l'oublie},
    journal = {Ethnologie française},
    year = 1997,
    language = {français},
    keywords = {art-crh, crh-1997}
    }

@article{Boureau4847-1997,
    author = {Boureau, Alain},
    title = {Endolalies. Angèle de Foligno et la découverte de soi par le scandale},
    journal = {Le Fait de l'analyse},
    year = 1997,
    language = {français},
    keywords = {art-crh, crh-1997}
    }

@article{Braunstein4854-1997,
    author = {Braunstein, Philippe},
    title = {L'Industria urbana fine del Medioevo},
    journal = {Lezioni/Strumenti},
    year = 1997,
    language = {italien},
    keywords = {art-crh, crh-1997}
    }

@article{Bruhns4863-1997,
    author = {Bruhns, Hinnerk},
    title = {Max Weber et l'histoire de l'économie antique},
    journal = {OPUS, International Journal for Social \& Economic History of Antiquity},
    year = 1997,
    language = {français},
    keywords = {art-crh, crh-1997}
    }

@article{Burguière4867-1997,
    author = {Burguière, André and R.Chartier and A.Farge and G.Vigarello},
    title = {L'oeuvre de Norbert Elias, son contenu, sa réception, table ronde avec R. Chartier, A. Farge, G. Vigarello},
    journal = {Cahiers Internationaux de sociologie,},
    year = 1997,
    language = {français},
    keywords = {art-crh, crh-1997}
    }

@article{Chapelot4888-1997,
    author = {Chapelot, Jean},
    title = {Le Château de Vincennes, un jalon, essentiel dans l'histoire de l'architecture fortifiée de la seconde moitié du XIV<Vvi>e</Vvi> siècle},
    journal = {Revue de la Société des amis du Musée de l'armée,},
    year = 1997,
    language = {français},
    keywords = {art-crh, crh-1997}
    }

@article{Chapelot4892-1997,
    author = {Chapelot, Jean},
    title = {Le château de Vincennes. Un grand programme architectural sous les quatre premiers Valois},
    journal = {Les Dossiers de l'archéologie,},
    year = 1997,
    language = {français},
    keywords = {art-crh, crh-1997}
    }

@article{Chapelot4897-1997,
    author = {Chapelot, Odette},
    title = {Quelques réflexions sur les chantiers de construction en France dans les derniers siècles du Moyen Age},
    journal = {Les Dossiers de l'archéologie,},
    year = 1997,
    language = {français},
    keywords = {art-crh, crh-1997}
    }

@article{Chartier4979-1997,
    author = {Chartier, Roger},
    title = {Le monument et l'événement. Parole poétique et figures de l'écriture dans 'El espejo y la mascara' de J. L. Borges},
    journal = {Variaciones Borges,},
    year = 1997,
    language = {français},
    keywords = {art-crh, crh-1997}
    }

@article{Chartier4980-1997,
    author = {Chartier, Roger},
    title = {La révolution de la lecture au XVIIIe siècle : mythe ou réalité ?},
    journal = {Cultura. Revista de Historia e Teoria das Ideas,},
    year = 1997,
    language = {français},
    keywords = {art-crh, crh-1997}
    }

@article{Demelas5020-1997,
    author = {Demelas, Marie-Danièle and J. Montemayor},
    title = {La ville hispanique : noblesse et dignités},
    journal = {Villes en Parallèle},
    year = 1997,
    language = {français},
    keywords = {art-crh, crh-1997}
    }

@article{Demelas5023-1997,
    author = {Demelas, Marie-Danièle},
    title = {Quelle figure peut bien avoir la Patrie ?},
    journal = {Jahrbuch für Geschichte von Staat, Wirtschaft und Gesellschaft Lateinamerikas},
    year = 1997,
    language = {français},
    keywords = {art-crh, crh-1997}
    }

@article{Demelas5024-1997,
    author = {Demelas, Marie-Danièle},
    title = {Guerre ou guerre civile ?},
    journal = {Clio, Histoire, femmes et sociétés},
    year = 1997,
    language = {français},
    keywords = {art-crh, crh-1997}
    }

@article{Demonet5025-1997,
    author = {Demonet, Michel},
    title = {The Evolution of Mortality in an Industrial Town : Le Creusot in the Nineteenth Century},
    journal = {The History of the Family, An International Quarterly,},
    year = 1997,
    language = {anglais},
    keywords = {art-crh, crh-1997}
    }

@article{Derouet5060-1997,
    author = {Derouet, Bernard},
    title = {Les pratiques familiales, le droit et la construction des différences (15e-19e siècles)},
    journal = {Annales. Histoire, Sciences Sociales,},
    year = 1997,
    language = {français},
    keywords = {art-crh, crh-1997}
    }

@article{Desaive5064-1997,
    author = {Desaive, Jean-Paul and A. Bleton-Ruget},
    title = {Une bibliographie des campagnes bourguignonnes},
    journal = {Histoire et sociétés rurales},
    year = 1997,
    language = {français},
    keywords = {art-crh, crh-1997}
    }

@article{Descimon5073-1997,
    author = {Descimon, Robert},
    title = {De officieren van de Parijse schutterij aan het einde van de zestiende eeuw},
    journal = {Tijdschrift voor sociale geschiedeni},
    year = 1997,
    language = {hollandais},
    keywords = {art-crh, crh-1997}
    }

@article{Desrosiers5080-1997,
    author = {Desrosiers, Sophie},
    title = {Textes techniques, savoir-faire et messages codés dans les textiles des Andes},
    journal = {Techniques et culture},
    year = 1997,
    language = {français},
    keywords = {art-crh, crh-1997}
    }

@article{Dewerpe5086-1997,
    author = {Dewerpe, Alain},
    title = {La 'stratégie' chez Pierre Bourdieu. Notes de lecture},
    journal = {Enquête,},
    year = 1997,
    language = {français},
    keywords = {art-crh, crh-1997}
    }

@article{Farge5124-1997,
    author = {Farge, Arlette},
    title = {Quelques outils pour réfléchir sur l'histoire de la violence},
    journal = {Villa Gillet,},
    year = 1997,
    language = {français},
    keywords = {art-crh, crh-1997}
    }

@article{Fontaine5142-1997,
    author = {Fontaine, Laurence},
    title = {Les villageois dans et hors du village : gestion des conflits et contrôle social dans les Alpes dauphinoises au XVIIIe siècle},
    journal = {Crime, histoire et sociétés,},
    year = 1997,
    language = {français},
    keywords = {art-crh, crh-1997}
    }

@article{Goldberg5198-1997,
    author = {Goldberg, Sylvie-Anne},
    title = {Histoire juive, Histoire des juifs : d'autres approches},
    journal = {Annales. Histoire, Sciences Sociales},
    year = 1997,
    language = {français},
    keywords = {art-crh, crh-1997}
    }

@article{Lepetit5336-1997,
    author = {Lepetit, Bernard},
    title = {Note critique : Le travail de l'histoire. R. Castel, <Vvi>Les Métamorphoses de la question sociale. Une chronique du salariat,</Vvi> Paris, Fayard, 1995, 490 p.},
    journal = {Annales. Histoire, Sciences Sociales,},
    year = 1997,
    language = {français},
    keywords = {art-crh, crh-1997}
    }

@article{Mane5349-1997,
    author = {Mane, Perrine},
    title = {Iconographie : contribution à l'étude de l'élevage du cheval au Moyen Age},
    journal = {Cahiers du Léopard d'Or},
    year = 1997,
    language = {français},
    keywords = {art-crh, crh-1997}
    }

@article{Ozouf5400-1997,
    author = {Ozouf, Mona},
    title = {La Belle Epoque des enseignants},
    journal = {Recherche et Formation,},
    year = 1997,
    language = {français},
    keywords = {art-crh, crh-1997}
    }

@article{Ozouf5407-1997,
    author = {Ozouf-Marignier, Marie-Vic},
    title = {Administration, statistique, aménagement du territoire : l'itinéraire du préfet Chabrol de Volvic (1773-1843)},
    journal = {Revue d'histoire moderne et contemporaine,},
    year = 1997,
    language = {français},
    keywords = {art-crh, crh-1997}
    }

@article{Peter5414-1997,
    author = {Peter, Jean-Pierre},
    title = {Nous, Pierre Rivière : Propos sur la proximité et l'écart, l'humain et l'inhumain},
    journal = {Société \& Représentations},
    year = 1997,
    language = {français},
    keywords = {art-crh, crh-1997}
    }

@article{Peter5415-1997,
    author = {Peter, Jean-Pierre},
    title = {Sur quelques écarts envisageables dans la considération des chemins de guérison},
    journal = {Agora - Ethique, Médecine, Société,},
    year = 1997,
    language = {français},
    keywords = {art-crh, crh-1997}
    }

@article{Pomian5455-1997,
    author = {Pomian, Krzysztof},
    title = {Quel Vingtième siècle ?},
    journal = {Le débat},
    year = 1997,
    language = {français},
    keywords = {art-crh, crh-1997}
    }

@article{Postel5459-1997,
    author = {Postel-Vinay, Gilles and T. Magnac},
    title = {Wage Competition between Agriculture and Industry in Mid-Nineteenth Century France},
    journal = {Explorations in Economic History,},
    year = 1997,
    language = {anglais},
    keywords = {art-crh, crh-1997}
    }

@article{Rosental5493-1997,
    author = {Rosental, Paul-André},
    title = {La rue mode d'emploi. Les univers sociaux d'une rue industrielle},
    journal = {Enquête},
    year = 1997,
    language = {français},
    keywords = {art-crh, crh-1997}
    }

@article{Schaub5506-1997,
    author = {Schaub, Jean-Frédéric},
    title = {Le temps et l'Etat : vers un nouveau régime historiographique de l'Ancien Régime français},
    journal = {Quaderni Fiorentini per la Storia del Pensiero Giuridico Moderno},
    year = 1997,
    language = {français},
    keywords = {art-crh, crh-1997}
    }

@article{Schnapper5534-1997,
    author = {Schnapper, Dominique},
    title = {Les droits de la connaissance rationnelle},
    journal = {Les Nouveaux Cahiers,},
    year = 1997,
    language = {français},
    keywords = {art-crh, crh-1997}
    }

@article{Valensi5598-1997,
    author = {Valensi, Lucette},
    title = {The Ethics and Politics of Remembering},
    journal = {Zmanim,},
    year = 1997,
    language = {anglais},
    keywords = {art-crh, crh-1997}
    }

@article{Vincent5615-1997,
    author = {Vincent, Bernard and F. Andujar Castillo},
    title = {Ordenanzas de la ciudad de Almeria (s. XVI)},
    journal = {Revista del Centro de Estudios Históricos de Granada y su reino,},
    year = 1997,
    language = {espagnol},
    keywords = {art-crh, crh-1997}
    }

@book{Chapelot4881-1997,
    author = {Chapelot, Jean},
    title = {Le Château de Vincennes, une résidence royale au Moyen Age},
    publisher = {CNRS et Caisse nationale des monuments historiques et des sites},
    series = {Patrimoine au présent},
    location = {Paris},
    year = 1997,
    pagetotal = {124},
    language = {français},
    keywords = {book-crh, crh-1997}
    }

@book{Chapelot4887-1997,
    author = {Chapelot, Jean and E. Rieth},
    title = {Navigation et milieu fluvial au XIe siècle. L'épave d'Orlac (Charente-Maritime)},
    publisher = {},
    series = {},
    location = {},
    year = 1997,
    pagetotal = {},
    language = {français},
    keywords = {book-crh, crh-1997}
    }

@book{Chartier4975-1997,
    author = {Chartier, Roger},
    title = {On the Edge of the Cliff. History, Language, and Practices},
    publisher = {The Johns Hopkins University Press},
    series = {},
    location = {Baltimore et Londres},
    year = 1997,
    pagetotal = {},
    language = {anglais},
    keywords = {book-crh, crh-1997}
    }

@book{Green5217-1997,
    author = {Green, Nancy},
    title = {La Mode en Production : Confection et Immigration},
    publisher = {},
    series = {},
    location = {},
    year = 1997,
    pagetotal = {},
    language = {français},
    keywords = {book-crh, crh-1997}
    }

@book{Ozouf5399-1997,
    author = {Ozouf, Mona},
    title = {Les Mots des Femmes, Essai sur la singularité française,},
    publisher = {Fayard},
    series = {},
    location = {Paris},
    year = 1997,
    pagetotal = {399},
    language = {français},
    keywords = {book-crh, crh-1997}
    }

@book{Pomian5451-1997,
    author = {Pomian, Krzysztof},
    title = {Zbieracze i osobliwosci Paryz-Wenecja XVI-XVIII wiek},
    publisher = {},
    series = {},
    location = {},
    year = 1997,
    pagetotal = {},
    language = {polonais},
    keywords = {book-crh, crh-1997}
    }

@inproceedings{Desrosiers134-1997,
    author = {Desrosiers, Sophie},
    editor = {},
    title = {Les lisières d'un être vivant ? Sur les tissus à quatre lisières dans les Andes},
    booktitle = {Lisières et bordures, Actes des premières journées d'étude de l'AFET, 13-14 juin 1996},
    publisher = {},
    location = {},
    year = 1997,
    pagetotal = {},
    language = {français},
    keywords = {inproceedings-crh, crh-1997}
    }

@inproceedings{Pomian585-1997,
    author = {Pomian, Krzysztof},
    editor = {},
    title = {Les musées d'ethnographie dans l'Europe d'aujourd'hui},
    booktitle = {Actes des Premières Rencontres Européennes des Musées d'Ethnographie 1993},
    publisher = {Musée des ATP/Ecole du Louvre},
    location = {Paris},
    year = 1997,
    pagetotal = {12},
    language = {français},
    keywords = {inproceedings-crh, crh-1997}
    }

@inproceedings{Kriegel5463-1997,
    author = {Kriegel, Maurice},
    editor = {Cl. Cohen-Boulakia and S. Trigano},
    title = {Le messianisme confessionnalisé : l''orthodoxie' juive au défi de l'Émancipation},
    booktitle = {Figures du Messie, Actes de la Décade de Cerizy-la-Salle (juillet 1996)},
    publisher = {In Press},
    location = {},
    year = 1997,
    pagetotal = {19},
    language = {français},
    keywords = {inproceedings-crh, crh-1997}
    }

@inreference{Berlioz4791-1997,
    author = {Berlioz, Jacques},
    editor = {},
    title = {Article 'Kröte'},
    booktitle = {Enzyklopädies des Märchens},
    publisher = {},
    series = {},
    location = {Göttingen},
    year = 1997,
    pagetotal = {},
    language = {allemand},
    keywords = {dict-crh, crh-1997}
    }

@inreference{Berlioz4792-1997,
    author = {Berlioz, Jacques},
    editor = {},
    title = {Article 'Robert le Diable'},
    booktitle = {Lexikon des Mittelalters},
    publisher = {},
    series = {},
    location = {Munich},
    year = 1997,
    pagetotal = {},
    language = {allemand},
    keywords = {dict-crh, crh-1997}
    }

@inreference{Berlioz4795-1997,
    author = {Berlioz, Jacques},
    editor = {J. Le Goff and J.-Cl. Schmitt},
    title = {Articles 'Calamités et fléaux'},
    booktitle = {Dictionnaire raisonné du Moyen Age},
    publisher = {},
    series = {},
    location = {},
    year = 1997,
    pagetotal = {},
    language = {français},
    keywords = {dict-crh, crh-1997}
    }

@inreference{Burguière4868-1997,
    author = {Burguière, André},
    editor = {J. Julliard and M. Winock},
    title = {Article 'Louis Dumont'},
    booktitle = {Dictionnaire des intellectuels français},
    publisher = {},
    series = {},
    location = {},
    year = 1997,
    pagetotal = {2},
    language = {français},
    keywords = {dict-crh, crh-1997}
    }

@inreference{Burguière4869-1997,
    author = {Burguière, André},
    editor = {J. Julliard and M. Winock},
    title = {Article 'Edgar Morin'},
    booktitle = {Dictionnaire des intellectuels français},
    publisher = {},
    series = {},
    location = {},
    year = 1997,
    pagetotal = {2},
    language = {français},
    keywords = {dict-crh, crh-1997}
    }

@inreference{Chartier4965-1997,
    author = {Chartier, Roger},
    editor = {L. Bélky},
    title = {Articles 'Lecture'},
    booktitle = {Dictionnaire de l'Ancien Régime. Royaume de France XVIe-XVIIIe siècle},
    publisher = {},
    series = {},
    location = {},
    year = 1997,
    pagetotal = {2},
    language = {français},
    keywords = {dict-crh, crh-1997}
    }

@inreference{Chartier4966-1997,
    author = {Chartier, Roger},
    editor = {L. Bélky},
    title = {Articles 'Opinion publique'},
    booktitle = {Dictionnaire de l'Ancien Régime. Royaume de France XVIe-XVIIIe siècle},
    publisher = {},
    series = {},
    location = {},
    year = 1997,
    pagetotal = {2},
    language = {français},
    keywords = {dict-crh, crh-1997}
    }

@proceedings{Chartier4976-1997,
    editor = {Chartier, Roger and A. Boureau and C. Dauphin},
    editortype = {dir.},
    title = {Correspondence. Models of Letter Writing from the Middle Ages to the Nineteenth Century},
    booktitle = {Correspondence. Models of Letter Writing from the Middle Ages to the Nineteenth Century},
    publisher = {Polity Press},
    location = {Cambridge},
    year = 1997,
    pagetotal = {},
    language = {anglais},
    keywords = {proceedings-crh, crh-1997}
    }

@proceedings{Chartier4978-1997,
    editor = {Chartier, Roger and G. Cavallo},
    editortype = {dir.},
    title = {Histoire de la lecture dans le monde occidental},
    booktitle = {Histoire de la lecture dans le monde occidental},
    publisher = {Seuil},
    location = {Paris},
    year = 1997,
    pagetotal = {},
    language = {français},
    keywords = {proceedings-crh, crh-1997}
    }

@proceedings{Descimon5074-1997,
    editor = {Descimon, Robert and J-F. Schaub and B. Vincent},
    editortype = {dir.},
    title = {La Figure moderne de l'administrateur},
    booktitle = {La Figure moderne de l'administrateur},
    publisher = {EHESS},
    location = {Paris},
    year = 1997,
    pagetotal = {},
    language = {français},
    keywords = {proceedings-crh, crh-1997}
    }

@proceedings{Farge5126-1997,
    editor = {Farge, Arlette and C.Dauphin},
    editortype = {dir.},
    title = {De la Violence et des femmes},
    booktitle = {De la Violence et des femmes},
    publisher = {Albin Michel},
    location = {Paris},
    year = 1997,
    pagetotal = {},
    language = {français},
    keywords = {proceedings-crh, crh-1997}
    }

@proceedings{Schaub5505-1997,
    editor = {Schaub, Jean-Frédéric and R. Descimon and B. Vincent},
    editortype = {dir.},
    title = {La figure moderne de l'administrateur},
    booktitle = {La figure moderne de l'administrateur},
    publisher = {EHESS},
    location = {Paris},
    year = 1997,
    pagetotal = {},
    language = {français},
    keywords = {proceedings-crh, crh-1997}
    }

@collection{Pomian5439-1997,
    author = {Pomian, Krzysztof},
    editor = {},
    title = {Das Museum : die Quintessenz Europas},
    booktitle = {Wunderkammer des Abendlandes. Museum und Sammlung im Spiegel der Zeit. Catalogue d'exposition},
    publisher = {},
    location = {Bonn},
    year = 1997,
    pagetotal = {7},
    language = {allemand},
    keywords = {expo-crh, crh-1997}
    }

@incollection{Goy33-1997,
    author = {Goy, Joseph},
    editor = {},
    title = {A propos du 'système de la coutume' : problématiques en évolution},
    booktitle = {L'Histoire grande ouverte. Pour Emmanuel Le Roy Ladurie,},
    publisher = {},
    location = {Paris},
    year = 1997,
    pagetotal = {},
    language = {français},
    keywords = {melanges-crh, crh-1997}
    }

@incollection{Chartier2967-1997,
    author = {Chartier, Roger},
    editor = {},
    title = {Histoire et pouvoirs de l'écrit},
    booktitle = {Vico, Malesherbes, Condorcet. Le Livre et l'historien. Etudes offertes en l'honneur du Professeur Henri-Jean Martin,},
    publisher = {},
    location = {Genève},
    year = 1997,
    pagetotal = {},
    language = {français},
    keywords = {melanges-crh, crh-1997}
    }

@incollection{Chartier4984-1997,
    author = {Chartier, Roger},
    editor = {},
    title = {Prôlogo},
    booktitle = {El laberinto de las libres. Historia cultural de la Barcelona del Ouinientos, A Manuel Pena Diaz},
    publisher = {Fundaclon Sfinchez Ruipérez},
    location = {Madrid},
    year = 1997,
    pagetotal = {11},
    language = {espagnol},
    keywords = {melanges-crh, crh-1997}
    }

@incollection{Derouet5059-1997,
    author = {Derouet, Bernard},
    editor = {},
    title = {Dot et Héritage : les enjeux de la chronologie de la transmission},
    booktitle = {L'Histoire grande ouverte. Hommage à E. Le Roy Ladurie},
    publisher = {},
    location = {},
    year = 1997,
    pagetotal = {9},
    language = {français},
    keywords = {melanges-crh, crh-1997}
    }

@incollection{Julia5653-1997,
    author = {Julia, Dominique},
    editor = {},
    title = {Aveux de pèlerins},
    booktitle = {Mélanges offerts au professeur Jean Delumeau},
    publisher = {Fayard},
    location = {Paris},
    year = 1997,
    pagetotal = {},
    language = {français},
    keywords = {melanges-crh, crh-1997}
    }

@incollection{Fontanon45-1997,
    author = {Fontanon, Claudine},
    editor = {C.Fontanon and M.Le Moel and R.Saint-Paul},
    title = {Conviction républicaine pour une fondation},
    booktitle = {Le Conservatoire national des arts et métiers au coeur de Paris,},
    publisher = {Délégation à l'action artistique de la ville de Paris},
    location = {Paris},
    year = 1997,
    pagetotal = {9},
    language = {français},
    keywords = {collectif-crh, crh-1997}
    }

@incollection{Farge166-1997,
    author = {Farge, Arlette},
    editor = {C.Dauphin and A.Farge},
    title = {Les femmes au XVIIIe siècle - Paris},
    booktitle = {De la Violence et des femmes},
    publisher = {Albin Michel},
    location = {Paris},
    year = 1997,
    pagetotal = {},
    language = {français},
    keywords = {collectif-crh, crh-1997}
    }

@incollection{Lepetit191-1997,
    author = {Lepetit, Bernard},
    editor = {B.Lepetit and C.Olmo},
    title = {E ce Erodoto tornasse in Atene ? Un possibile programma d'historia urbana per la città moderna},
    booktitle = {La Città e le sue storie,},
    publisher = {Einaudi},
    location = {Turin},
    year = 1997,
    pagetotal = {},
    language = {italien},
    keywords = {collectif-crh, crh-1997}
    }

@incollection{Lepetit192-1997,
    author = {Lepetit, Bernard},
    editor = {B.Lepetit},
    title = {Histoire des pratiques, pratique de l'histoire},
    booktitle = {Les Formes de l'expérience..., ibid.},
    publisher = {Albin Michel},
    location = {Paris},
    year = 1997,
    pagetotal = {},
    language = {français},
    keywords = {collectif-crh, crh-1997}
    }

@incollection{Lepetit193-1997,
    author = {Lepetit, Bernard},
    editor = {B.Lepetit},
    title = {Le présent de l'histoire},
    booktitle = {Les Formes de l'expérience..., ibid.},
    publisher = {Albin Michel},
    location = {Paris},
    year = 1997,
    pagetotal = {},
    language = {français},
    keywords = {collectif-crh, crh-1997}
    }

@incollection{LeBras217-1997,
    author = {Le Bras, Hervé},
    editor = {G. Pasternak},
    title = {La planète au village},
    booktitle = {Le Social et les paradoxes du chaos,},
    publisher = {Desclée de Brouwer},
    location = {Paris},
    year = 1997,
    pagetotal = {9},
    language = {français},
    keywords = {collectif-crh, crh-1997}
    }

@incollection{Seitz297-1997,
    author = {Seitz, Frédéric},
    editor = {Cl. Fontanon and A. Grelon},
    title = {Emile Trélat (1821-1907), professeur de constructions civiles (1854-1894)},
    booktitle = {Les Professeurs du Conservatoire national des arts et métiers, ibid.},
    publisher = {INRP:Conservatoire national des arts et métiers},
    location = {Paris},
    year = 1997,
    pagetotal = {13},
    language = {français},
    keywords = {collectif-crh, crh-1997}
    }

@incollection{Prochasson578-1997,
    author = {Prochasson, Christophe},
    editor = {M. Drouin},
    title = {Les intellectuels},
    booktitle = {L'Affaire Dreyfus et le tournant du siècle, ibid.},
    publisher = {Flammarion},
    location = {Paris},
    year = 1997,
    pagetotal = {6},
    language = {français},
    keywords = {collectif-crh, crh-1997}
    }

@incollection{Pomian583-1997,
    author = {Pomian, Krzysztof},
    editor = {J.-P. Rioux and J.-F. Sirinelli},
    title = {Histoire culturelle, histoire des sémiophores},
    booktitle = {Pour une Histoire culturelle},
    publisher = {Seuil},
    location = {Paris},
    year = 1997,
    pagetotal = {28},
    language = {français},
    keywords = {collectif-crh, crh-1997}
    }

@incollection{Pomian587-1997,
    author = {Pomian, Krzysztof},
    editor = {D. Fabre},
    title = {Nation et patrimoine},
    booktitle = {L'Europe entre cultures et nations},
    publisher = {MSH},
    location = {Paris},
    year = 1997,
    pagetotal = {12},
    language = {français},
    keywords = {collectif-crh, crh-1997}
    }

@incollection{Pomian589-1997,
    author = {Pomian, Krzysztof},
    editor = {P. Nora},
    title = {Franks and Gauls},
    booktitle = {Realms of Memory. Rethinking the French Past},
    publisher = {Columbia University Press},
    location = {New York},
    year = 1997,
    pagetotal = {50},
    language = {anglais},
    keywords = {collectif-crh, crh-1997}
    }

@incollection{Pomian597-1997,
    author = {Pomian, Krzysztof},
    editor = {A. Marès},
    title = {Logique de la mémoire, logique de l'histoire},
    booktitle = {Histoire et pouvoir en Europe médiane},
    publisher = {L'Harmattan},
    location = {Paris},
    year = 1997,
    pagetotal = {11},
    language = {français},
    keywords = {collectif-crh, crh-1997}
    }

@incollection{Prochasson613-1997,
    author = {Prochasson, Christophe},
    editor = {M. Drouin},
    title = {Georges Sorel (1847-1922)},
    booktitle = {L'Affaire Dreyfus de A à Z, ibid.},
    publisher = {Flammarion},
    location = {Paris},
    year = 1997,
    pagetotal = {5},
    language = {français},
    keywords = {collectif-crh, crh-1997}
    }

@incollection{Bruhns648-1997,
    author = {Bruhns, Hinnerk},
    editor = {?},
    title = {Economie et religion chez Werner Sombart et Max Weber},
    booktitle = {L'Éthique protestante de Max Weber et l'esprit de la modernité},
    publisher = {Editions Philia},
    location = {},
    year = 1997,
    pagetotal = {},
    language = {français},
    keywords = {collectif-crh, crh-1997}
    }

@incollection{Burguière663-1997,
    author = {Burguière, André},
    editor = {J. Commaille and F. De Singly},
    title = {Les fondements historiques des structures familiales},
    booktitle = {La Question familiale en Europe,},
    publisher = {L'Harmattan},
    location = {Paris},
    year = 1997,
    pagetotal = {19},
    language = {français},
    keywords = {collectif-crh, crh-1997}
    }

@incollection{Boureau715-1997,
    author = {Boureau, Alain},
    editor = {M. Rubin},
    title = {Intellectuals in the Middle Ages, 1957-1995},
    booktitle = {The Work of Jacques Le Goff and the Challenges of Medieval History},
    publisher = {},
    location = {Woodbridge},
    year = 1997,
    pagetotal = {11},
    language = {anglais},
    keywords = {collectif-crh, crh-1997}
    }

@incollection{Schaub770-1997,
    author = {Schaub, Jean-Frédéric},
    editor = {J.F.Schaub and R.Descimon and B.Vincent},
    title = {Francisco Leitâo, commissaire à tout faire},
    booktitle = {La Figure historique de l'administrateur, ibid.,},
    publisher = {EHESS},
    location = {Paris},
    year = 1997,
    pagetotal = {16},
    language = {français},
    keywords = {collectif-crh, crh-1997}
    }

@incollection{Revel792-1997,
    author = {Revel, Jacques},
    editor = {Ph. Roger},
    title = {L'envers des Lumières : les intellectuels et la culture populaire en France (1650-1800)},
    booktitle = {L'Homme des Lumières de Paris à Pétersbourg},
    publisher = {Vivarium},
    location = {Naples},
    year = 1997,
    pagetotal = {23},
    language = {français},
    keywords = {collectif-crh, crh-1997}
    }

@incollection{Revel797-1997,
    author = {Revel, Jacques},
    editor = {J.Revel and N.Wachtel},
    title = {L'histoire sociale},
    booktitle = {Une École pour les sciences sociales. De la VIe section à l'Ecole des Hautes Etudes en Sciences Sociale, ibid.,},
    publisher = {Cerf/EHESS},
    location = {Paris},
    year = 1997,
    pagetotal = {24},
    language = {français},
    keywords = {collectif-crh, crh-1997}
    }

@incollection{Cohen1673-1997,
    author = {Cohen, Yves},
    editor = {J. Krige and D. Pestre},
    title = {Scientific Management and the Production Process},
    booktitle = {Science in the Twentieth Century},
    publisher = {Harwood Academic Publishers},
    location = {},
    year = 1997,
    pagetotal = {},
    language = {anglais},
    keywords = {collectif-crh, crh-1997}
    }

@incollection{Debert1767-1997,
    author = {Debert, Aline},
    editor = {P. Beck},
    title = {L'iconographie de l''imposition du nom' dans l'Europe occidentale du Moyen Age},
    booktitle = {Genèse médiévale de l'anthroponymie moderne, t. IV, Discours sur le nom : normes, usages, imaginaire (VIe-XVIe siècles)},
    publisher = {Publications de l'université de Tours},
    location = {Tours},
    year = 1997,
    pagetotal = {},
    language = {français},
    keywords = {collectif-crh, crh-1997}
    }

@incollection{Peter2282-1997,
    author = {Peter, Jean-Pierre},
    editor = {M. Lagrée and F. Lebrun},
    title = {Réflexions sur l'Histoire de la médecine},
    booktitle = {Pour l'Histoire de la Médecine, ibid.,},
    publisher = {Presse universitaires de Rennes},
    location = {Rennes},
    year = 1997,
    pagetotal = {4},
    language = {français},
    keywords = {collectif-crh, crh-1997}
    }

@incollection{Chartier2413-1997,
    author = {Chartier, Roger},
    editor = {P.Ariès and G.Duby and R.Chartier},
    title = {Practicile scrierii},
    booktitle = {Istoria vietii private, Vol. V et VI, De la Renastere la Epoca luminilor},
    publisher = {Editura Meridiane},
    location = {Bucarest},
    year = 1997,
    pagetotal = {63},
    language = {roumain},
    keywords = {collectif-crh, crh-1997}
    }

@incollection{Carrié2488-1997,
    author = {Carrié, Jean-Michel},
    editor = {},
    title = {Archives municipales et distributions alimentaires dans l'Egypte romaine},
    booktitle = {Les Archives de l'administration des distributions de vivres dans les cités antiques},
    publisher = {},
    location = {Rome},
    year = 1997,
    pagetotal = {},
    language = {français},
    keywords = {collectif-crh, crh-1997}
    }

@incollection{Carrié2553-1997,
    author = {Carrié, Jean-Michel},
    editor = {?},
    title = {L'arithmétique sociale de l'économie agraire. Prix de la terre, rente foncière et revenus de l'exploitation dans l'économie agraire romaine à l'époque impériale},
    booktitle = {Prix et formation des prix dans les économies antiques,},
    publisher = {},
    location = {Saint-Bertrand de Comminges},
    year = 1997,
    pagetotal = {},
    language = {français},
    keywords = {collectif-crh, crh-1997}
    }

@incollection{Chapelot2714-1997,
    author = {Chapelot, Jean},
    editor = {J.Chapelot and E.Lalou},
    title = {Le Vincennes des quatre premiers Valois : continuités et ruptures dans un grand programme architectural},
    booktitle = {Vincennes et la naissance de l'Etat moderne, ibid.,},
    publisher = {Presses de l'Ecole normale supérieure},
    location = {Paris},
    year = 1997,
    pagetotal = {62},
    language = {français},
    keywords = {collectif-crh, crh-1997}
    }

@incollection{Chartier2875-1997,
    author = {Chartier, Roger},
    editor = {D. Franche and S. Prokhoris and Y. Roussel and R. Rotmann},
    title = {Foucault et les historiens, les historiens et Foucault. Archéologie des discours et généalogie des pratiques : à propos de la Révolution},
    booktitle = {Au Risque de Foucault,},
    publisher = {Centre Georges Pompidou},
    location = {Paris},
    year = 1997,
    pagetotal = {15},
    language = {français},
    keywords = {collectif-crh, crh-1997}
    }

@incollection{Chartier2886-1997,
    author = {Chartier, Roger},
    editor = {R.Chartier and G.Cavallo},
    title = {Lectures et lecteurs populaires de la Renaissance à l'âge classique},
    booktitle = {Histoire de la lecture dans le monde occidental, ibid.,},
    publisher = {Seuil},
    location = {Paris},
    year = 1997,
    pagetotal = {16},
    language = {français},
    keywords = {collectif-crh, crh-1997}
    }

@incollection{Chartier2887-1997,
    author = {Chartier, Roger and A. Boureau and C. Dauphin},
    editor = {R.Chartier},
    title = {Secrétaires for the People ? Model Letters of the Ancien Régime: Between Court Literature and Popular Chapbook},
    booktitle = {Correspondence. Models of Letter Writing from the Middle Ages to the Nineteenth Century},
    publisher = {Polity Press},
    location = {Cambridge},
    year = 1997,
    pagetotal = {53},
    language = {anglais},
    keywords = {collectif-crh, crh-1997}
    }

@incollection{Noiriel2909-1997,
    author = {Noiriel, Gérard},
    editor = {P. Nora},
    title = {French and Foreigners},
    booktitle = {Realms of Memory. The Construction of the French Past},
    publisher = {Columbia University Press},
    location = {New York},
    year = 1997,
    pagetotal = {37},
    language = {anglais},
    keywords = {collectif-crh, crh-1997}
    }

@incollection{Chartier2990-1997,
    author = {Chartier, Roger},
    editor = {De P. Beaud and P. Flichy and D. Pasquier and L. Quéré},
    title = {Du livre au lire},
    booktitle = {Sociologie de la communication,},
    publisher = {CENT},
    location = {Paris},
    year = 1997,
    pagetotal = {20},
    language = {français},
    keywords = {collectif-crh, crh-1997}
    }

@incollection{Chase3167-1997,
    author = {Chase, Jane},
    editor = {B. Vincent and Al.},
    title = {The bounds of african-american life in an 18th century colonial city},
    booktitle = {Les Dépendances serviles : une approche comparative},
    publisher = {EHESS},
    location = {Paris},
    year = 1997,
    pagetotal = {},
    language = {anglais},
    keywords = {collectif-crh, crh-1997}
    }

@incollection{Chase3263-1997,
    author = {Chase, Jane},
    editor = {L. Masur},
    title = {Landscapes : american history visualized},
    booktitle = {The Challenge of american history,},
    publisher = {Johns Hopkins Press},
    location = {Baltimore},
    year = 1997,
    pagetotal = {},
    language = {anglais},
    keywords = {collectif-crh, crh-1997}
    }

@incollection{Chartier4764-1997,
    author = {Chartier, Roger},
    editor = {M. Vovelle},
    title = {Der Gelherte},
    booktitle = {Der Mensch der Aufklärung,},
    publisher = {Campus Verlag},
    location = {Francfort/New York},
    year = 1997,
    pagetotal = {47},
    language = {allemand},
    keywords = {collectif-crh, crh-1997}
    }

@incollection{Descimon5075-1997,
    author = {Descimon, Robert},
    editor = {R.Descimon and J.F.Schaub and B.Vincent},
    title = {La vénalité des offices et la construction de l'Etat dans la France moderne. Des problèmes de la représentation symbolique aux problèmes du coût social du pouvoir},
    booktitle = {Figure moderne de l'administrateur},
    publisher = {EHESS},
    location = {Paris},
    year = 1997,
    pagetotal = {17},
    language = {français},
    keywords = {collectif-crh, crh-1997}
    }

@incollection{Giard5175-1997,
    author = {Giard, Luce},
    editor = {?},
    title = {Sur la Compagnie de Jésus et ses collègues vers 1600},
    booktitle = {René Descartes,},
    publisher = {},
    location = {La Flèche},
    year = 1997,
    pagetotal = {28},
    language = {français},
    keywords = {collectif-crh, crh-1997}
    }

@incollection{Giard5182-1997,
    author = {Giard, Luce},
    editor = {O. Weijers},
    title = {Sur le cycle des artes à la Renaissance},
    booktitle = {L'Enseignement des disciplines à la Faculté des arts (Paris et Oxford, XIIIe-XVe siècles),},
    publisher = {},
    location = {Turnhout},
    year = 1997,
    pagetotal = {28},
    language = {français},
    keywords = {collectif-crh, crh-1997}
    }

@incollection{Giard5259-1997,
    author = {Giard, Luce},
    editor = {D. Franche and Al.},
    title = {Foucault, lecteur de ses critiques},
    booktitle = {Au Risque de Foucault,},
    publisher = {},
    location = {Paris},
    year = 1997,
    pagetotal = {9},
    language = {français},
    keywords = {collectif-crh, crh-1997}
    }

@incollection{Fridenson5523-1997,
    author = {Fridenson, Patrick},
    editor = {J. Kocka},
    title = {L'autorité dans l'entreprise en France et en Allemagne 1880-1914},
    booktitle = {Les Bourgeoisies européennes au XIXe siècle},
    publisher = {},
    location = {Paris/Berlin},
    year = 1997,
    pagetotal = {26},
    language = {français},
    keywords = {collectif-crh, crh-1997}
    }

@incollection{Julia5660-1997,
    author = {Julia, Dominique},
    editor = {A.Rauch},
    title = {Heureux et malheureux et perclus du chemin},
    booktitle = {La marche, la vie. Solidaires ou solitaires},
    publisher = {Ed. Autrement},
    location = {Paris},
    year = 1997,
    pagetotal = {},
    language = {français},
    keywords = {collectif-crh, crh-1997}
    }

@incollection{Chartier4977-1997,
    author = {Chartier, Roger},
    editor = {},
    title = {Introduction: An ordinary kind of writing. Model letters and letter writing en Ancien Régime France},
    booktitle = {Correspondence. Models of Letter Writing from the Middle Ages to the Nineteenth Century},
    publisher = {Polity Press},
    location = {Cambridge},
    year = 1997,
    pagetotal = {23},
    language = {anglais},
    keywords = {intro-preface-crh, crh-1997}
    }

@incollection{Chartier4958-1997,
    author = {Chartier, Roger},
    editor = {R.Chartier and H.J.Lüsebrink},
    title = {Introduction : Librairie de colportage et lecteurs 'populaires'},
    booktitle = {Colportage et lecture populaire. Imprimés de large circulation en Europe XVIe-XIXe siècles},
    publisher = {IMEC et MSH},
    location = {Paris},
    year = 1997,
    pagetotal = {8},
    language = {français},
    keywords = {intro-book-crh, crh-1997}
    }

@incollection{Klapisch5287-1997,
    author = {Klapisch-Zuber, Christiane},
    editor = {M.De Giorgio and C.Klapisch},
    title = {Introduzione},
    booktitle = {Storia delle donne in Italia. Storia del matrimonio},
    publisher = {},
    location = {},
    year = 1997,
    pagetotal = {1},
    language = {italien},
    keywords = {intro-book-crh, crh-1997}
    }

@incollection{Hartog5244-1997,
    author = {Hartog, François},
    editor = {},
    title = {Préface},
    booktitle = {Les îles nomades, Conquérir et Résister dans l'Enquête d'Hérodote,},
    publisher = {EHESS},
    location = {Paris},
    year = 1997,
    pagetotal = {},
    language = {français},
    keywords = {preface-book-crh, crh-1997}
    }

@book{Julia1004-1997,
    author = {Julia, Dominique},
    editor = {D.Julia and E.Becchi},
    title = {Histoire de l'enfance},
    publisher = {Seuil},
    series = {},
    location = {Paris},
    year = 1997,
    pagetotal = {},
    language = {français},
    addendum = {réédition},
    keywords = {reedition-crh, crh-1997}
    }

@book{Motte5358-1997,
    author = {Motte, Claude and C. Poitou},
    editor = {J.-P. Bardet and Cl. Motte},
    title = {Loir-et-Cher},
    publisher = {},
    series = {},
    location = {Paris},
    year = 1997,
    pagetotal = {},
    language = {français},
    keywords = {outil-recherche-crh, crh-1997}
    }

