@book{LeMée219-1994,
    author = {Le Mée, René},
    title = {M.Moheau, Recherches et Considérations sur la population de la France (1778).},
    publisher = {Editions de l'INED},
    series = {},
    location = {Paris},
    year = 1994,
    pagetotal = {53},
    language = {français},
    % addendum = {Jean-Baptiste Moheau (1745-1794) et les Recherches, un auteur énigmatique ou mythique ?},
    keywords = {editions, edition-txt-crh, crh-1994}
}
@book{Beutler892-1970,
    author = {Beutler, Corinne},
    title = {Vilfredo Pareto, La transformation de la démocratie},
    publisher = {},
    series = {},
    location = {},
    year = 1970,
    pagetotal = {},
    language = {français},
    keywords = {editions, edition-txt-crh, crh-1970}
}
@book{Beutler893-1971,
    author = {Beutler, Corinne},
    title = {Vilfredo Pareto, Le mythe vertuiste et la littérature immorale},
    publisher = {},
    series = {},
    location = {},
    year = 1971,
    pagetotal = {},
    language = {français},
    keywords = {editions, edition-txt-crh, crh-1971}
}
@book{Peter975-1963,
    author = {Peter, Jean-Pierre},
    title = { De la démocratie en Amérique},
    publisher = {Union Générale d'Edition},
    series = {10-18},
    location = {Paris},
    year = 1963,
    pagetotal = {16},
    language = {français},
    % addendum = {édition et présentation},
    keywords = {editions, edition-txt-crh, crh-1963}
}
@book{Peter976-1964,
    author = {Peter, Jean-Pierre},
    title = { Philosophie de la misère},
    publisher = {Union Générale d'Edition},
    series = {},
    location = {Paris},
    year = 1964,
    pagetotal = {18},
    language = {français},
    % addendum = {édition et présentation},
    keywords = {editions, edition-txt-crh, crh-1964}
}
@book{Costabel999-1967,
    author = {Costabel, P and BEAUDE,J.},
    title = {Œuvres},
    publisher = {},
    series = {},
    location = {},
    year = 1967,
    pagetotal = {},
    language = {français},
    % addendum = {Oeuvres de Descartes},
    keywords = {editions, edition-txt-crh, crh-1967}
}
@book{Vidal-Naquet1140-1972,
    author = {Vidal-Naquet, Pierre},
    title = {Le déchiffrement du Linéaire B.},
    publisher = {Gallimard},
    series = {Bibliothèque des histoires},
    location = {Paris},
    year = 1972,
    pagetotal = {},
    language = {français},
    % addendum = {introduction à la traduction du livre de J.Chawick},
    keywords = {editions, edition-txt-crh, crh-1972}
}
@book{Gauchet1571-1980,
    author = {Gauchet, Marcel},
    title = {Des passions considérées comme causes, symptômes et moyens curatifs de l'aliénation mentale},
    publisher = {Librairie Deux Monde},
    series = {},
    location = {Paris},
    year = 1980,
    pagetotal = {11},
    language = {français},
    % addendum = {préface à la réédition: Du traitement de la manie aux passions. La folie et l'union de l'âme et du corps},
    keywords = {editions, edition-txt-crh, crh-1980}
}
@book{Gauchet1572-1980,
    author = {Gauchet, Marcel},
    title = {De la liberté chez les modernes},
    publisher = {livre de poche},
    series = {Pluriel},
    location = {Paris},
    year = 1980,
    pagetotal = {81},
    language = {français},
    % addendum = {Préface: Benjamin Constant: l'illusion lucide ou libéralisme},
    keywords = {editions, edition-txt-crh, crh-1980}
}
@book{Tenenti1721-1978,
    author = {Tenenti, Alberto},
    title = {Il Borghese gentiluomo},
    publisher = {},
    series = {},
    location = {Bologne},
    year = 1978,
    pagetotal = {},
    language = {italien},
    % addendum = {Introduction},
    keywords = {editions, edition-txt-crh, crh-1978}
}
@book{Furet1870-1981,
    author = {Furet, François},
    title = {La démocratie en Amérique},
    publisher = {Garnier-Flammarion},
    series = {},
    location = {Paris},
    year = 1981,
    pagetotal = {},
    language = {français},
    % addendum = {préface: Le système conceptuel d'Alexis de Tocqueville},
    keywords = {editions, edition-txt-crh, crh-1981}
}
@book{Tenenti2033-1980,
    author = {Tenenti, Alberto},
    title = {La société de Cour},
    publisher = {},
    series = {},
    location = {Bologne},
    year = 1980,
    pagetotal = {13},
    language = {italien},
    % addendum = {Introduction},
    keywords = {editions, edition-txt-crh, crh-1980}
}
@book{Tenenti2035-1981,
    author = {Tenenti, Alberto},
    title = {La dinamica del capitalismo},
    publisher = {},
    series = {},
    location = {Bologne},
    year = 1981,
    pagetotal = {14},
    language = {italien},
    % addendum = {introduction},
    keywords = {editions, edition-txt-crh, crh-1981}
}
@book{Beutler2118-1984,
    author = {Beutler, Corinne},
    title = {La Physiocratie à l'aube de la Révolution, 1781-1792},
    publisher = {EHESS},
    series = {},
    location = {Paris},
    year = 1984,
    pagetotal = {},
    language = {français},
    % addendum = {introduction, bibliographie et révision des textes de Georges Weulersse, La Physiocratie à l'aube de la Révolution, 1781-1792},
    keywords = {editions, edition-txt-crh, crh-1984}
}
@book{Chartier2178-1985,
    author = {Chartier, Roger},
    title = {La Société de Cour},
    publisher = {Flammarion},
    series = {Champs},
    location = {Paris},
    year = 1985,
    pagetotal = {1},
    language = {français},
    % addendum = {Formation sociale et économie psychique : la société de cour dans le procès de civilisation},
    keywords = {editions, edition-txt-crh, crh-1985}
}
@book{Flandrin2276-1983,
    author = {Flandrin, Jean-Louis and Ph. and M. Hyman},
    title = {Le Cuisinier français},
    publisher = {Montalba},
    series = {},
    location = {Paris},
    year = 1983,
    pagetotal = {},
    language = {français},
    % addendum = {Le Cuisinier français (textes culinaires de la littérature de colportage avec une introduction, glossaire et notes)},
    keywords = {editions, edition-txt-crh, crh-1983}
}
@book{Jorland2377-1982,
    author = {Jorland, Gérard},
    title = {La revue sommaire des doctrines économiques},
    publisher = {Vrin/CNRS},
    series = {},
    location = {Paris},
    year = 1982,
    pagetotal = {},
    language = {français},
    % addendum = {édition du tome X des œuvres complètes},
    keywords = {editions, edition-txt-crh, crh-1982}
}
@book{LeGoff2443-1983,
    author = {Le Goff, Jacques},
    title = {Les rois thaumaturges},
    publisher = {Gallimard},
    series = {},
    location = {Paris},
    year = 1983,
    pagetotal = {},
    language = {français},
    % addendum = {préface à la nouvelle édition},
    keywords = {editions, edition-txt-crh, crh-1983}
}
@book{Lemay2451-1983,
    author = {Lemay, Edna},
    title = {Moeurs des sauvages américains},
    publisher = {Maspéro},
    series = {La Découverte},
    location = {Paris},
    year = 1983,
    pagetotal = {},
    language = {français},
    % addendum = {Introduction, choix des textes et notes},
    keywords = {editions, edition-txt-crh, crh-1983}
}
@book{Pomian2557-1984,
    author = {Pomian, Krzysztof and J. REVEL},
    title = {Les mesures et les hommes},
    publisher = {MSH},
    series = {},
    location = {Paris},
    year = 1984,
    pagetotal = {},
    language = {français},
    % addendum = {Les mesures et les hommes},
    keywords = {editions, edition-txt-crh, crh-1984}
}
@book{Reberioux2580-1983,
    author = {Reberioux, Madeleine},
    title = {Jean Jaurès, Anthologie},
    publisher = {Calmann-Lévy},
    series = {},
    location = {Paris},
    year = 1983,
    pagetotal = {49},
    language = {français},
    % addendum = {préface},
    keywords = {editions, edition-txt-crh, crh-1983}
}
@book{Reberioux2598-1985,
    author = {Reberioux, Madeleine},
    title = {Emile Zola, Correspondance},
    publisher = {Presses de l'université de Montréal/CNRS},
    series = {},
    location = {Montréal/Paris},
    year = 1985,
    pagetotal = {12},
    language = {français},
    % addendum = {introduction historique},
    keywords = {editions, edition-txt-crh, crh-1985}
}
@book{Scherrer2615-1984,
    author = {Scherrer, Jutta},
    title = {Histoire de la pensée sociale russe},
    publisher = {Institut national d'etudes slaves},
    series = {},
    location = {Paris},
    year = 1984,
    pagetotal = {32},
    language = {français},
    % addendum = {introduction: Le Marxisme cette algèbre de la révolution…},
    keywords = {editions, edition-txt-crh, crh-1984}
}
@book{Schmitt2626-1983,
    author = {Schmitt, Jean-Claude and D. FABRE},
    title = {Les racines historiques du conte merveilleux},
    publisher = {},
    series = {},
    location = {Paris},
    year = 1983,
    pagetotal = {16},
    language = {français},
    % addendum = {préface à la traduction française},
    keywords = {editions, edition-txt-crh, crh-1983}
}
@book{Andreau2732-1988,
    author = {Andreau, Jean},
    title = {Histoire économique et sociale du monde hellénistique},
    publisher = {},
    series = {},
    location = {Paris},
    year = 1988,
    pagetotal = {30},
    language = {français},
    % addendum = {Introduction, chronologie et bibliographie},
    keywords = {editions, edition-txt-crh, crh-1988}
}
@book{Boureau2831-1989,
    author = {Boureau, Alain},
    title = {I due corpi del Re},
    publisher = {Einaudi},
    series = {},
    location = {Turin},
    year = 1989,
    pagetotal = {16},
    language = {italien},
    % addendum = {Introduzione},
    keywords = {editions, edition-txt-crh, crh-1989}
}
@book{Chartier2881-1986,
    author = {Chartier, Roger},
    title = {Le temps de l'histoire},
    publisher = {Seuil},
    series = {},
    location = {Paris},
    year = 1986,
    pagetotal = {23},
    language = {français},
    % addendum = {L'amitié de l'histoire},
    keywords = {editions, edition-txt-crh, crh-1986}
}
@book{Chartier2902-1988,
    author = {Chartier, Roger},
    title = {El Tiempo de la Historia},
    publisher = {Paidos},
    series = {},
    location = {Buenos Aires},
    year = 1988,
    pagetotal = {27},
    language = {espagnol},
    % addendum = {La Amistad de la Historia, préface},
    keywords = {editions, edition-txt-crh, crh-1988}
}
@book{Hartog3178-1989,
    author = {Hartog, François},
    title = {Rapports à l'Empereur, Histoire et Littérature ancienne},
    publisher = {Belin},
    series = {},
    location = {Paris},
    year = 1989,
    pagetotal = {330},
    language = {français},
    % addendum = {présentation et notes},
    keywords = {editions, edition-txt-crh, crh-1989}
}
@book{Pomian3460-1989,
    author = {Pomian, Krzysztof},
    title = {Journal écrit la nuit},
    publisher = {UGE},
    series = {10-18},
    location = {Paris},
    year = 1989,
    pagetotal = {11},
    language = {français},
    % addendum = {Un manichéisme à l'usage de notre temps},
    keywords = {editions, edition-txt-crh, crh-1989}
}
@book{Revel3488-1988,
    author = {Revel, Jacques},
    title = {La Grande Peur, suivi de Foules révolutionnaires},
    publisher = {Armand Colin},
    series = {},
    location = {Paris},
    year = 1988,
    pagetotal = {19},
    language = {français},
    % addendum = {présentation},
    keywords = {editions, edition-txt-crh, crh-1988}
}
@book{Sigaut3577-1987,
    author = {Sigaut, François},
    title = {La technologie science humaine},
    publisher = {MSH},
    series = {},
    location = {Paris},
    year = 1987,
    pagetotal = {26},
    language = {français},
    % addendum = {Haudricourt et la technologie, préface},
    keywords = {editions, edition-txt-crh, crh-1987}
}
@book{Valensi3592-1987,
    author = {Valensi, Lucette},
    title = {Voyage dans les Régences de Tunis et d'Alger},
    publisher = {La découverte},
    series = {},
    location = {Paris},
    year = 1987,
    pagetotal = {},
    language = {français},
    % addendum = {Introduction},
    keywords = {editions, edition-txt-crh, crh-1987}
}
@book{Amiel3634-1991,
    author = {Amiel, Charles and D. Devoto},
    title = {Erasme et l'Espagne},
    publisher = {Droz},
    series = {},
    location = {Genève},
    year = 1991,
    pagetotal = {},
    language = {français},
    % addendum = {nouvelle édition},
    keywords = {editions, edition-txt-crh, crh-1991}
}
@book{Bergeron3689-1993,
    author = {Bergeron, Louis},
    title = {De l'industrie française'},
    publisher = {},
    series = {},
    location = {},
    year = 1993,
    pagetotal = {},
    language = {français},
    % addendum = {réédition de Chaptal, 'De l'industrie française'},
    keywords = {editions, edition-txt-crh, crh-1993}
}
@book{Berlioz3703-1992,
    author = {Berlioz, Jacques},
    title = {La Vie de Saint Malachie},
    publisher = {},
    series = {},
    location = {Citeaux},
    year = 1992,
    pagetotal = {8},
    language = {français},
    % addendum = {Le premier volume de la traduction française des oeuvres de Saint Bernard.La Vie de Saint Malachie},
    keywords = {editions, edition-txt-crh, crh-1992}
}
@book{Bonnain3718-1993,
    author = {Bonnain, Rolande},
    title = {Traditions et coutumes des Hautes Pyrénées},
    publisher = {},
    series = {},
    location = {Tarbes},
    year = 1993,
    pagetotal = {9},
    language = {français},
    % addendum = {Norbert Rosapelly, un chercheur bigourdan. Introduction à la réédition},
    keywords = {editions, edition-txt-crh, crh-1993}
}
@book{Boureau3754-1992,
    author = {Boureau, Alain},
    title = {Le procès de Louis XVI},
    publisher = {},
    series = {},
    location = {Bruxelles},
    year = 1992,
    pagetotal = {1},
    language = {français},
    % addendum = {préface à la réédition},
    keywords = {editions, edition-txt-crh, crh-1992}
}
@book{Bruhns3805-1991,
    author = {Bruhns, Hinnerk},
    title = {Otto Hintze : textes choisis et présentés: Féodalité, capitalisme et Etat moderne. Essais d'histoire sociale comparée},
    publisher = {},
    series = {},
    location = {Paris},
    year = 1991,
    pagetotal = {},
    language = {français},
    keywords = {editions, edition-txt-crh, crh-1991}
}
@book{Cerutti3825-1991,
    author = {Cerutti, Simona},
    title = {Modelli di rischio. Epidemiologia e causalità},
    publisher = {},
    series = {},
    location = {Turin},
    year = 1991,
    pagetotal = {6},
    language = {italien},
    % addendum = {introduction},
    keywords = {editions, edition-txt-crh, crh-1991}
}
@book{Chartier3857-1991,
    author = {Chartier, Roger},
    title = {La société des individus},
    publisher = {Fayard},
    series = {},
    location = {Paris},
    year = 1991,
    pagetotal = {23},
    language = {français},
    % addendum = {Conscience de soi et lien social, avant propos},
    keywords = {editions, edition-txt-crh, crh-1991}
}
@book{Chartier3887-1993,
    author = {Chartier, Roger},
    title = {Engagement et distanciation. Contributions à la sociologie de la connaissance},
    publisher = {},
    series = {},
    location = {Paris},
    year = 1993,
    pagetotal = {10},
    language = {français},
    % addendum = {Double lien et distanciation},
    keywords = {editions, edition-txt-crh, crh-1993}
}
@book{Chartier3888-1993,
    author = {Chartier, Roger},
    title = {Essais de mémoire (1943-1983)},
    publisher = {},
    series = {},
    location = {Paris},
    year = 1993,
    pagetotal = {18},
    language = {français},
    % addendum = {Avant-Propos},
    keywords = {editions, edition-txt-crh, crh-1993}
}
@book{Descimon3970-1993,
    author = {Descimon, Robert},
    title = {Michel de L'Hospital, Discours pour la majorité de Charles IX et trois autres discours},
    publisher = {},
    series = {},
    location = {Paris},
    year = 1993,
    pagetotal = {},
    language = {français},
    % addendum = {présentation et édition},
    keywords = {editions, edition-txt-crh, crh-1993}
}
@book{Godin4094-1992,
    author = {Godin, André and C.Blum and J.C.Margolin and D.Ménager},
    title = {ERASME (Eloge de la folie, Adages, Correspondance...)},
    publisher = {},
    series = {},
    location = {Paris},
    year = 1992,
    pagetotal = {},
    language = {français},
    keywords = {editions, edition-txt-crh, crh-1992}
}
@book{Julliard4232-1990,
    author = {Julliard, Jacques},
    title = {Réflexions sur la violence},
    publisher = {},
    series = {},
    location = {},
    year = 1990,
    pagetotal = {16},
    language = {français},
    % addendum = {Au risque de penser. Préface},
    keywords = {editions, edition-txt-crh, crh-1990}
}
@book{Prochasson4493-1990,
    author = {Prochasson, Christophe},
    title = {Réflexions sur la violence},
    publisher = {},
    series = {},
    location = {Paris},
    year = 1990,
    pagetotal = {},
    language = {français},
    % addendum = {édition},
    keywords = {editions, edition-txt-crh, crh-1990}
}
@book{Prochasson4503-1993,
    author = {Prochasson, Christophe and G. Candar},
    title = {Carnets, 1906-1916},
    publisher = {},
    series = {},
    location = {Paris},
    year = 1993,
    pagetotal = {},
    language = {français},
    % addendum = {présentation et édition critique},
    keywords = {editions, edition-txt-crh, crh-1993}
}
@book{Aymard4747-1994,
    author = {Aymard, Maurice},
    title = {La guerra e le false notizie. Ricordi (1914-1915) e riflessioni (1921)},
    publisher = {Donzelli},
    series = {},
    location = {Rome},
    year = 1994,
    pagetotal = {},
    language = {italien},
    % addendum = {introduction à la traduction},
    keywords = {editions, edition-txt-crh, crh-1994}
}
@book{Bergeron4771-1994,
    author = {Bergeron, Louis},
    title = {De l'Industrie française,},
    publisher = {},
    series = {},
    location = {Paris},
    year = 1994,
    pagetotal = {},
    language = {français},
    % addendum = {édition},
    keywords = {editions, edition-txt-crh, crh-1994}
}
@book{Braunstein4853-1996,
    author = {Braunstein, Philippe},
    title = {Marchands du Nord. Espaces et trafics à l'époque moderne},
    publisher = {Presses de l'Ecole normale supérieure},
    series = {},
    location = {Paris},
    year = 1996,
    pagetotal = {},
    language = {français},
    % addendum = {Edition et avant-propos},
    keywords = {editions, edition-txt-crh, crh-1996}
}
@book{Chartier4919-1994,
    author = {Chartier, Roger},
    title = {Mémoires sur la librairie, Mémoires sur la liberté de la presse},
    publisher = {Imprimerie nationale},
    series = {},
    location = {Paris},
    year = 1994,
    pagetotal = {47},
    language = {français},
    % addendum = {présentation},
    keywords = {editions, edition-txt-crh, crh-1994}
}
@book{Chartier4920-1994,
    author = {Chartier, Roger},
    title = {Sport et civilisation. La violence maîtrisée},
    publisher = {Fayard},
    series = {},
    location = {Paris},
    year = 1994,
    pagetotal = {18},
    language = {français},
    % addendum = {avant-propos: Le sport ou la libération contrôlée des émotions},
    keywords = {editions, edition-txt-crh, crh-1994}
}
@book{Chartier4974-1996,
    author = {Chartier, Roger},
    title = {Ensayos de la memoria 1943-1983},
    publisher = {Grupo Editorial Norma},
    series = {},
    location = {Santafe de Bogota},
    year = 1996,
    pagetotal = {23},
    language = {espagnol},
    % addendum = {Prólogo},
    keywords = {editions, edition-txt-crh, crh-1996}
}
@book{Depeyrot5035-1995,
    author = {Depeyrot, Georges},
    title = {Description des monnaies frappées sous l'Empire romain communément appelée médailles impériales, 12 volumes},
    publisher = {},
    series = {},
    location = {Paris},
    year = 1995,
    pagetotal = {},
    language = {français},
    % addendum = {réédition, introductions et compléments},
    keywords = {editions, edition-txt-crh, crh-1995}
}
@book{Depeyrot5036-1995,
    author = {Depeyrot, Georges},
    title = {Monnaies féodales de France, 3 volumes},
    publisher = {},
    series = {},
    location = {Paris},
    year = 1995,
    pagetotal = {},
    language = {français},
    % addendum = {réédition, introduction et compléments},
    keywords = {editions, edition-txt-crh, crh-1995}
}
@book{Depeyrot5037-1995,
    author = {Depeyrot, Georges},
    title = {Catalogue des monnaies françaises de la Bibliothèque Nationale, Les monnaies mérovingiennes, 2 volumes},
    publisher = {},
    series = {},
    location = {Nîmes},
    year = 1995,
    pagetotal = {},
    language = {français},
    % addendum = {réédition, introduction et compléments, 2 volumes},
    keywords = {editions, edition-txt-crh, crh-1995}
}
@book{Depeyrot5050-1996,
    author = {Depeyrot, Georges},
    title = {Description générale des monnaies mérovingiennes par ordre alphabétique des ateliers, 5 volumes},
    publisher = {},
    series = {},
    location = {Paris},
    year = 1996,
    pagetotal = {},
    language = {français},
    % addendum = {réédition, introduction et mise à jour bibliographique},
    keywords = {editions, edition-txt-crh, crh-1996}
}
@book{Depeyrot5051-1995,
    author = {Depeyrot, Georges},
    title = {Monnaie et papier-monnaie pendant la Révolution (1789 - 1803). Extrait du bulletin d'histoire économique de la Révolution (1911)},
    publisher = {},
    series = {},
    location = {Paris},
    year = 1995,
    pagetotal = {4},
    language = {français},
    % addendum = {avant-propos},
    keywords = {editions, edition-txt-crh, crh-1995}
}
@book{Fabre5105-1994,
    author = {Fabre, Pierre-Antoine},
    title = {De la Représentation},
    publisher = {Gallimard/Seuil/EHESS},
    series = {},
    location = {Paris},
    year = 1994,
    pagetotal = {},
    language = {français},
    % addendum = {édition},
    keywords = {editions, edition-txt-crh, crh-1994}
}
@book{Fabre5106-1995,
    author = {Fabre, Pierre-Antoine},
    title = {Sublime Poussin},
    publisher = {Seuil},
    series = {},
    location = {Paris},
    year = 1995,
    pagetotal = {},
    language = {français},
    % addendum = {Sublime Poussin},
    keywords = {editions, edition-txt-crh, crh-1995}
}
@book{Giard5180-1994,
    author = {Giard, Luce},
    title = {Histoire et méthodologie des sciences,},
    publisher = {},
    series = {},
    location = {Paris},
    year = 1994,
    pagetotal = {43},
    language = {français},
    % addendum = {introduction: L'impossible désir du rationnel},
    keywords = {editions, edition-txt-crh, crh-1994}
}
@book{Giard5181-1994,
    author = {Giard, Luce},
    title = {La prise de parole et autres écrits politiques},
    publisher = {Seuil},
    series = {},
    location = {Paris},
    year = 1994,
    pagetotal = {},
    language = {français},
    % addendum = {La prise de parole et autres écrits politiques,},
    keywords = {editions, edition-txt-crh, crh-1994}
}
@book{Giard5193-1996,
    author = {Giard, Luce},
    title = {Fabula mistica,},
    publisher = {},
    series = {},
    location = {Tasi (Roumanie)},
    year = 1996,
    pagetotal = {9},
    language = {roumain},
    % addendum = {préface: Ce qui fut peut encore être lu},
    keywords = {editions, edition-txt-crh, crh-1996}
}
@book{Hartog5241-1996,
    author = {Hartog, François},
    title = {La Cité antique},
    publisher = {Flammarion},
    series = {Champs},
    location = {Paris},
    year = 1996,
    pagetotal = {},
    language = {français},
    % addendum = {Préface},
    keywords = {editions, edition-txt-crh, crh-1996}
}
@book{Julliard5274-1996,
    author = {Julliard, Jacques},
    title = {Discours sur l'origine et les fondements de l'inégalité parmi les hommes,},
    publisher = {},
    series = {},
    location = {Paris},
    year = 1996,
    pagetotal = {38},
    language = {français},
    % addendum = {Préface},
    keywords = {editions, edition-txt-crh, crh-1996}
}
@book{Nordman5386-1994,
    author = {Nordman, Daniel and F.Labourie},
    title = {L'Ecole normale de l'an III. Edition de Volney-Buache de la Neuville et Mentelle-Vandermonde: Leçons d'histoire, de géographie, d'économie politique},
    publisher = {Dunod},
    series = {},
    location = {Paris},
    year = 1994,
    pagetotal = {486},
    language = {français},
    % addendum = {introduction générale},
    keywords = {editions, edition-txt-crh, crh-1994}
}
@book{PoloDeBeaulieu5426-1994,
    author = {Polo De Beaulieu, Marie-Anne},
    title = {Dialogue avec un fantôme},
    publisher = {Les belles lettres},
    series = {},
    location = {Paris},
    year = 1994,
    pagetotal = {},
    language = {français},
    % addendum = {édition},
    keywords = {editions, edition-txt-crh, crh-1994}
}
@book{Vincent5613-1996,
    author = {Vincent, Bernard},
    title = {Los Moriscos del Reino de Granada según el sínodo de Guadix de 1554,},
    publisher = {},
    series = {},
    location = {Grenade},
    year = 1996,
    pagetotal = {1},
    language = {espagnol},
    % addendum = {Présentation à la réédition},
    keywords = {editions, edition-txt-crh, crh-1996}
}
