@collection{Daumard1311-1976,
    author = {Daumard, Adeline},
    editor = {},
    title = {Conditions de logement et position sociale (préface au catalogue d'exposition)},
    booktitle = {Le Parisien chez lui au XIXe siècle (1814-1914)},
    publisher = {Archives nationales},
    location = {Paris},
    year = 1976,
    pagetotal = {4},
    language = {français},
    keywords = {autres, expo-crh, crh-1976}
}
@collection{Fauve1749-1980,
    author = {Fauve, Antoinette and Claude Motte},
    editor = {},
    title = {De Malthus au malthusianisme},
    booktitle = {Catalogue de l'exposition Malthus hier et aujourd'hui},
    publisher = {Société démo.hist.},
    location = {Paris},
    year = 1980,
    pagetotal = {80},
    language = {français},
    keywords = {autres, expo-crh, crh-1980}
}
@collection{Chapelot1802-1981,
    author = {Chapelot, Odette},
    editor = {},
    title = {Les fabriques ducales de carreaux médiévaux en Bourgogne},
    booktitle = {Catalogue de l'exposition Carreaux de pavage dans la Bourgogne médiévale},
    publisher = {Edition du musée Rolin},
    location = {Autun},
    year = 1981,
    pagetotal = {7},
    language = {français},
    keywords = {autres, expo-crh, crh-1981}
}
@collection{Motte1952-1980,
    author = {Motte, Claude and A.Fauve-chamoux},
    editor = {},
    title = {participation},
    booktitle = {Catalogue de l'exposition Malthus hier et aujourd'hui},
    publisher = {Société démo.hist.},
    location = {Paris},
    year = 1980,
    pagetotal = {},
    language = {français},
    keywords = {autres, expo-crh, crh-1980}
}
@collection{Chapelot2055-1980,
    author = {Chapelot, Jean},
    editor = {},
    title = {Les objets de la vie quotidienne},
    booktitle = {Mémoires d'une Amérique. Catalogue de l'exposition du Musée du Nouveau Monde},
    publisher = {},
    location = {La Rochelle},
    year = 1980,
    pagetotal = {6},
    language = {français},
    keywords = {autres, expo-crh, crh-1980}
}
@collection{Alexandre2070-1984,
    author = {Alexandre-Bidon, Danièle and P. Perin, and P. Forni and J.-P. Adam and al.},
    editor = {},
    title = {'Ave Alix': catalogue de l'exposition Clovis, Chapelle de la Sorbonne, 1984},
    booktitle = {},
    publisher = {Editions Clovis},
    location = {Paris},
    year = 1984,
    pagetotal = {},
    language = {français},
    keywords = {autres, expo-crh, crh-1984}
}
@collection{Grinberg2331-1984,
    author = {Grinberg, Martine},
    editor = {},
    title = {Textes du catalogue de l'exposition Carnavals et fêtes d'hiver},
    booktitle = {},
    publisher = {Bibliothèque publique d'information du Centre G.Pompidou},
    location = {Paris},
    year = 1984,
    pagetotal = {},
    language = {français},
    keywords = {autres, expo-crh, crh-1984}
}
@collection{LeGoff2432-1983,
    author = {Le Goff, Jacques},
    editor = {},
    title = {Deux au-delà : Paradis et Enfer},
    booktitle = {Disegno del Mondo. Catalogue de l'exposition Art et science},
    publisher = {},
    location = {Turin},
    year = 1983,
    pagetotal = {},
    language = {français},
    keywords = {autres, expo-crh, crh-1983}
}
@collection{Reberioux2593-1985,
    author = {Reberioux, Madeleine},
    editor = {},
    title = {La vie sociale à Paris au tournant du siècle (préface au catalogue d'exposition)},
    booktitle = {Rétrospective de Paris moderne},
    publisher = {},
    location = {},
    year = 1985,
    pagetotal = {6},
    language = {français},
    keywords = {autres, expo-crh, crh-1985}
}
@collection{Reberioux2594-1985,
    author = {Reberioux, Madeleine},
    editor = {},
    title = {Hugo dans le débat politique et social : 1870-1985 (dans catalogue d'exposition)},
    booktitle = {La gloire de Victor Hugo},
    publisher = {Réunion des musées nationaux},
    location = {Paris},
    year = 1985,
    pagetotal = {37},
    language = {français},
    keywords = {autres, expo-crh, crh-1985}
}
@collection{Alexandre2703-1986,
    author = {Alexandre-Bidon, Danièle and F. Piponnier and  J.-M. Pesez and  and J.-M. Poisson and G. Démians d'Archimbaud and B. Maccari-Poisson},
    editor = {},
    title = {Châteaux et villages du Moyen Age. Forez, Bourgogne, Provence},
    booktitle = {Catalogue de l'exposition},
    publisher = {Musée d'Allard},
    location = {Montbrison (Loire) 1986-1987},
    year = 1986,
    pagetotal = {4},
    language = {français},
    keywords = {autres, expo-crh, crh-1986}
}
@collection{Alexandre2708-1987,
    author = {Alexandre-Bidon, Danièle and P. Mane},
    editor = {},
    title = {Evolution du costume populaire au cours du Moyen Age},
    booktitle = {Costume-Coutume. Catalogue de l'exposition au Grand Palais},
    publisher = {},
    location = {Paris},
    year = 1987,
    pagetotal = {3},
    language = {français},
    keywords = {autres, expo-crh, crh-1987}
}
@collection{Alexandre2709-1988,
    author = {Alexandre-Bidon, Danièle and P. Mane},
    editor = {},
    title = {La vie quotidienne à travers les enluminures carolingiennes},
    booktitle = {Un village au temps de Charlemagne. Catalogue de l'exposition},
    publisher = {Musée national des ATP},
    location = {Paris},
    year = 1988,
    pagetotal = {14},
    language = {français},
    keywords = {autres, expo-crh, crh-1988}
}
@collection{Debert2955-1986,
    author = {Debert, Aline},
    editor = {},
    title = {Catalogue de l'exposition "Reflets de la dévotion populaire"},
    booktitle = {},
    publisher = {},
    location = {Saint-Michel de Frigolet},
    year = 1986,
    pagetotal = {30},
    language = {français},
    keywords = {autres, expo-crh, crh-1986}
}
@collection{Descimon2982-1989,
    author = {Descimon, Robert},
    editor = {},
    title = {Un nouveau style de gouvernement},
    booktitle = {Henri IV et la reconstruction du royaume, catalogue de l'exposition (Pau 1989)},
    publisher = {Réunion des Musées nationaux},
    location = {Paris},
    year = 1989,
    pagetotal = {6},
    language = {français},
    keywords = {autres, expo-crh, crh-1989}
}
@collection{Farge3014-1988,
    author = {Farge, Arlette},
    editor = {},
    title = {Les images de la société au XVIIIe siècle},
    booktitle = {Catalogue de l'exposition de Vizille, Révolution française (juin 1988)},
    publisher = {},
    location = {},
    year = 1988,
    pagetotal = {},
    language = {français},
    keywords = {autres, expo-crh, crh-1988}
}
@collection{Flandrin3038-1987,
    author = {Flandrin, Jean-Louis},
    editor = {},
    title = {L'âge d'or des épices, XIVe-XVe siècles (dans catalogue d'exposition)},
    booktitle = {Parfums de plantes},
    publisher = {Museum d'histoire naturelle},
    location = {Paris},
    year = 1987,
    pagetotal = {4},
    language = {français},
    keywords = {autres, expo-crh, crh-1987}
}
@collection{Nahoum3127-1989,
    author = {Nahoum-Grappe, Véronique},
    editor = {},
    title = {L'ivresse},
    booktitle = {La Vigne et le Vin, catalogue de l'exposition: le vin à la Villette},
    publisher = {Edition La Manufacture},
    location = {Paris},
    year = 1989,
    pagetotal = {8},
    language = {français},
    keywords = {autres, expo-crh, crh-1989}
}
@collection{Mane3322-1987,
    author = {Mane, Perrine and D. Alexandre-Bidon},
    editor = {},
    title = {Evolution du costume populaire au cours du Moyen Age},
    booktitle = {Costume Coutume, Catalogue d'Exposition},
    publisher = {},
    location = {Paris},
    year = 1987,
    pagetotal = {4},
    language = {français},
    keywords = {autres, expo-crh, crh-1987}
}
@collection{Mane3323-1988,
    author = {Mane, Perrine and D. Alexandre-Bidon},
    editor = {},
    title = {La vie quotidienne d'après l' iconographie carolingienne},
    booktitle = {Un village au temps de Charlemagne, Catalogue d'Exposition},
    publisher = {Musée national des arts et traditions populaires},
    location = {Paris},
    year = 1988,
    pagetotal = {14},
    language = {français},
    keywords = {autres, expo-crh, crh-1988}
}
@collection{Piponnier3415-1986,
    author = {Piponnier, Françoise and D. Alexandre-Bidon, and J.-M. Pesez and  and J.-M. Poisson and G. Démians d'Archimbaud and B. Maccari-Poisson},
    editor = {},
    title = {Châteaux et villages du Moyen Age : Forez, Bourgogne, Provence},
    booktitle = {Catalogue de l'exposition},
    publisher = {Musée d'Allard},
    location = {Montbrison (Loire) 1986-1987},
    year = 1986,
    pagetotal = {},
    language = {français},
    keywords = {autres, expo-crh, crh-1986}
}
@collection{Piponnier3420-1987,
    author = {Piponnier, Françoise},
    editor = {},
    title = {Le costume paysan à la fin du Moyen Age},
    booktitle = {Costume, Coutume. Catalogue de l'exposition au Grand Palais},
    publisher = {},
    location = {Paris},
    year = 1987,
    pagetotal = {4},
    language = {français},
    keywords = {autres, expo-crh, crh-1987}
}
@collection{Pomian3429-1987,
    author = {Pomian, Krzysztof},
    editor = {},
    title = {Kultura et son Cercle.},
    booktitle = {Guide de l'exposition à la Bibliothèque polonaise (déc. 1986-janv. 1987)},
    publisher = {Les amis de Kultura},
    location = {Paris},
    year = 1987,
    pagetotal = {63},
    language = {français},
    keywords = {autres, expo-crh, crh-1987}
}
@collection{Mane4348-1990,
    author = {Mane, Perrine and D.Alexandre -Bidon and F.Piponnier},
    editor = {},
    title = {Le mobilier de la maison médiévale},
    booktitle = {Le meuble régional en France. Catalogue de l'exposition du Musée ATP (19 oct. 1990- 25 fév. 1991},
    publisher = {},
    location = {Paris},
    year = 1990,
    pagetotal = {2},
    language = {français},
    keywords = {autres, expo-crh, crh-1990}
}
@collection{Mane4349-1990,
    author = {Mane, Perrine and D. Alexandre-Bidon},
    editor = {},
    title = {Images du repas de fête au Moyen-Age},
    booktitle = {Se nourrir à Besançon au Moyen-Age. A la table d'un vigneron de Battant. Catalogue de l'exposition à Besançon},
    publisher = {},
    location = {Paris},
    year = 1990,
    pagetotal = {6},
    language = {français},
    keywords = {autres, expo-crh, crh-1990}
}
@collection{Mouradian4369-1990,
    author = {Mouradian, Claire},
    editor = {},
    title = {La presse arménienne en France},
    booktitle = {France des étrangers. France des libertés, médias et communautés dans l'histoire nationale, Catalogue de l'exposition organisée par l'association "Génériquesé dans le cadre du bicentenaire de la Révolution (Marseille, Orléans, Paris)},
    publisher = {},
    location = {Paris},
    year = 1990,
    pagetotal = {11},
    language = {français},
    keywords = {autres, expo-crh, crh-1990}
}
@collection{Mouradian4372-1991,
    author = {Mouradian, Claire},
    editor = {W. Berelowitch and L. Gervereau},
    title = {La caricature dans la presse arménienne du Caucase, d'un empire à l'autre},
    booktitle = {L'image politique, Russie-URSS, 1914-1991. Catalogue de l'exposition du Musée d'Histoire contemporaine (Paris, oct.-déc. 1991)},
    publisher = {},
    location = {Paris},
    year = 1991,
    pagetotal = {8},
    language = {français},
    keywords = {autres, expo-crh, crh-1991}
}
@collection{Pesez4415-1993,
    author = {Pesez, Jean-Marie},
    editor = {},
    title = {La vie rurale et conclusion},
    booktitle = {L'Ile-de-France, de Clovis à Hugues Capet, catalogue d'exposition},
    publisher = {},
    location = {},
    year = 1993,
    pagetotal = {9},
    language = {français},
    keywords = {autres, expo-crh, crh-1993}
}
@collection{Pomian4483-1993,
    author = {Pomian, Krzysztof},
    editor = {D. Folga-Januszewska},
    title = {La photographie : transfiguration du visible},
    booktitle = {Photologie Egypte lumière et fotosinteza (sic!) de Pruszkowski. Catalogue d'exposition},
    publisher = {Musée national},
    location = {Varsovie},
    year = 1993,
    pagetotal = {9},
    language = {français},
    keywords = {autres, expo-crh, crh-1993}
}
@collection{Dewerpe5084-1995,
    author = {Dewerpe, Alain},
    editor = {},
    title = {Travailler chez Schneider},
    booktitle = {Les Schneider, Le Creusot. Une famille, une entreprise, une ville (1836-1960),},
    publisher = {Fayard/Réunion des musées nationaux},
    location = {Paris},
    year = 1995,
    pagetotal = {28},
    language = {français},
    keywords = {autres, expo-crh, crh-1995}
}
@collection{Mane5346-1994,
    author = {Mane, Perrine},
    editor = {},
    title = {Paysans, Paysages au Moyen Age},
    booktitle = {Paysans, paysages : L'Art et la terre en Europe du Moyen Age au XXe siècle. Catalogue  d'exposition à la Bibliothèque nationale},
    publisher = {Seuil/Réuniion des Musées nationaux},
    location = {Paris},
    year = 1994,
    pagetotal = {25},
    language = {français},
    keywords = {autres, expo-crh, crh-1994}
}
@collection{Pomian5436-1994,
    author = {Pomian, Krzysztof},
    editor = {Ch. Georgel},
    title = {Musées français, musées européens},
    booktitle = {La Jeunesse des musées. Les musées en France au XIXe siècle. Catalogue d'exposition au musée d'Orsay},
    publisher = {Réunion des musées nationaux},
    location = {Paris},
    year = 1994,
    pagetotal = {14},
    language = {français},
    keywords = {autres, expo-crh, crh-1994}
}
@collection{Pomian5437-1994,
    author = {Pomian, Krzysztof},
    editor = {Ch. Brockhaus and R. Stanislawski},
    title = {Vier Europas, eine Kultur ?},
    booktitle = {Europa, Europa. Das Jahrhundert der Avantgarde in Mittel- und Osteuropa. Catalogue d'exposition},
    publisher = {},
    location = {Bonn},
    year = 1994,
    pagetotal = {3},
    language = {allemand},
    keywords = {autres, expo-crh, crh-1994}
}
@collection{Pomian5439-1997,
    author = {Pomian, Krzysztof},
    editor = {},
    title = {Das Museum : die Quintessenz Europas},
    booktitle = {Wunderkammer des Abendlandes. Museum und Sammlung im Spiegel der Zeit. Catalogue d'exposition},
    publisher = {},
    location = {Bonn},
    year = 1997,
    pagetotal = {7},
    language = {allemand},
    keywords = {autres, expo-crh, crh-1997}
}
@collection{Pomian5444-1995,
    author = {Pomian, Krzysztof},
    editor = {S. Pagé},
    title = {L'art vivant, les collectionneurs et les musées},
    booktitle = {Passions privées. Catalogue d'exposition du Musée d'Art moderne de la ville de Paris},
    publisher = {},
    location = {Paris},
    year = 1995,
    pagetotal = {8},
    language = {français},
    keywords = {autres, expo-crh, crh-1995}
}
@collection{Piponnier5647-1990,
    author = {Piponnier, Françoise and D.Alexandre-Bidon and P.Mane},
    editor = {},
    title = {Le meuble régional en France},
    booktitle = {Le meuble régional en France. Catalogue de l'exposition du Musée ATP (19 oct. 1990- 25 fév. 1991},
    publisher = {},
    location = {Paris},
    year = 1990,
    pagetotal = {},
    language = {français},
    keywords = {autres, expo-crh, crh-1990}
}
@report{Hemardinquer909-1965,
    author = {Hemardinquer, Jean-Jacques},
    title = {La recherche en histoire des sciences et des techniques. Matériaux pour un inventaire général},
    publisher = {EPHE},
    institution = {},
    location = {Paris},
    year = 1965,
    pagetotal = {70},
    language = {français},
    keywords = {autres, report-crh, crh-1965}
}
@report{Schnapper1245-1974,
    author = {Schnapper, Dominique},
    title = {La représentation de l'espace urbain pour les Italiens émigrés.2e partie},
    publisher = {},
    institution = {DGRST},
    location = {},
    year = 1974,
    pagetotal = {115},
    language = {français},
    keywords = {autres, report-crh, crh-1974}
}
@report{Schnapper1246-1976,
    author = {Schnapper, Dominique},
    title = {La représentation de l'espace urbain pour les Italiens émigrés. 1ère partie},
    publisher = {},
    institution = {DGRST},
    location = {},
    year = 1976,
    pagetotal = {44},
    language = {français},
    keywords = {autres, report-crh, crh-1976}
}
@report{Schnapper1247-1976,
    author = {Schnapper, Dominique and D. Hanet},
    title = {Archives orales pour l'histoire de la Sécurité Sociale},
    publisher = {},
    institution = {comité pour l'histoire de la Sécurité sociale},
    location = {},
    year = 1976,
    pagetotal = {14},
    language = {français},
    keywords = {autres, report-crh, crh-1976}
}
@report{Burguiere1272-1974,
    author = {Burguiere, André},
    title = {La notion d'homéostasis en Démographie - Approche historique},
    publisher = {},
    institution = {Centre Royaumont pour une science de l'homme},
    location = {},
    year = 1974,
    pagetotal = {},
    language = {français},
    keywords = {autres, report-crh, crh-1974}
}
@report{Schnapper1703-1979,
    author = {Schnapper, Dominique},
    title = {Le vécu du chômage, essai d'interprétation sociologique},
    publisher = {ministère du travail},
    institution = {ministère du travail},
    location = {Paris},
    year = 1979,
    pagetotal = {60},
    language = {français},
    keywords = {autres, report-crh, crh-1979}
}
@report{Chapelot1793-1979,
    author = {Chapelot, Jean and A.Querrien and A.Schnapp},
    title = {Rapport sur la politique de la recherche archéologique en France},
    publisher = {},
    institution = {rapport DGRST},
    location = {},
    year = 1979,
    pagetotal = {258},
    language = {français},
    keywords = {autres, report-crh, crh-1979}
}
@report{Goy1879-1980,
    author = {Goy, Joseph and A.Burguière and J.Ozouf},
    title = {Archives orales pour l'histoire. Histoire de vie et anthropologie historique du changement},
    publisher = {},
    institution = {DGRST},
    location = {},
    year = 1980,
    pagetotal = {},
    language = {français},
    keywords = {autres, report-crh, crh-1980}
}
@report{Chapelot2051-1980,
    author = {Chapelot, Jean and A. Geistdoerfer and E.Rieth},
    title = {Les iles St-Pierre et Miquelon: étude archéologique, historique et ethnographique},
    publisher = {MSH},
    institution = {},
    location = {Paris},
    year = 1980,
    pagetotal = {178},
    language = {français},
    keywords = {autres, report-crh, crh-1980}
}
@report{Reberioux2570-1982,
    author = {Reberioux, Madeleine},
    title = {Les Femmes en France dans une société d'inégalités},
    publisher = {La documentation française},
    institution = {Ministre des Droits de la Femme},
    location = {Paris},
    year = 1982,
    pagetotal = {},
    language = {français},
    keywords = {autres, report-crh, crh-1982}
}
@report{Goubert3098-1988,
    author = {Goubert, Jean-Pierre and R. Bercovici and J. Csergo and I. Foucauld and F. Ghin},
    title = {Enjeux économiques et industriels. Les normes techniques et leurs relations avec les usages sociaux},
    publisher = {},
    institution = {Délégation à la recherche et à l'innovation du Ministère de l'urbanisme et du logement},
    location = {},
    year = 1988,
    pagetotal = {281},
    language = {français},
    keywords = {autres, report-crh, crh-1988}
}
@report{Chapelot3833-1991,
    author = {Chapelot, Jean and J. Barréra and C. Carrierre-Desbois and V. Serna and M. Viré},
    title = {Fouille de sauvetage d'une latrine médiévale dans la tour des Salves du château de Vincennes},
    publisher = {},
    institution = {Equipe de recherche sur le château de Vincennes et la banlieue est},
    location = {},
    year = 1991,
    pagetotal = {},
    language = {français},
    keywords = {autres, report-crh, crh-1991}
}
@report{Chapelot3834-1991,
    author = {Chapelot, Jean},
    title = {Le manoir capétien de Vincennes. Rapport de fouille. Rapport 4},
    publisher = {},
    institution = {Equipe de recherche sur le château de Vincennes et la banlieue est},
    location = {},
    year = 1991,
    pagetotal = {},
    language = {français},
    keywords = {autres, report-crh, crh-1991}
}
@report{Chapelot3835-1991,
    author = {Chapelot, Jean and S. Collet and V. Serna and P.-J. Trombetta and M. Viré},
    title = {Le manoir capétien de Vincennes. Rapport de fouille. Rapport 2},
    publisher = {},
    institution = {Equipe de recherche sur le château de Vincennes et la banlieue est},
    location = {},
    year = 1991,
    pagetotal = {},
    language = {français},
    keywords = {autres, report-crh, crh-1991}
}
@report{Chapelot4882-1994,
    author = {Chapelot, Jean and O. Chapelot and O. Blin and C. Carrierre-Desbois,},
    title = {Le Manoir capétien de Vincennes. Rapport de fouille (Années 1992-1993)},
    publisher = {},
    institution = {Equipe de recherche sur le château de Vincennes et la banlieue est},
    location = {},
    year = 1994,
    pagetotal = {},
    language = {français},
    keywords = {autres, report-crh, crh-1994}
}
@report{Chapelot4884-1994,
    author = {Chapelot, Jean and O. Chapelot and V. Hébrard},
    title = {L'Enceinte du donjon de Vincennes : évolution du XIVe siècle à nos jours. L'aménagement des lieux et la couverture. Les matériaux de couverture en Ile-de-France. Etude préalable à la restauration des couvertures du chemin de ronde du donjon},
    publisher = {},
    institution = {Equipe de recherche sur le château de Vincennes et la banlieue est},
    location = {},
    year = 1994,
    pagetotal = {},
    language = {français},
    keywords = {autres, report-crh, crh-1994}
}
@report{Chapelot4885-1994,
    author = {Chapelot, Jean and C. Carrierre-Desbois and and P. MacIntyre},
    title = {Le Manoir médiéval de Vincennes. Rapport de fouille. III},
    publisher = {},
    institution = {Equipe de recherche sur le château de Vincennes et la banlieue est},
    location = {},
    year = 1994,
    pagetotal = {},
    language = {français},
    keywords = {autres, report-crh, crh-1994}
}
@report{Chapelot4886-1995,
    author = {Chapelot, Jean and O. Chapelot, and J. Bertrand and F. Boyer and S. Buttner and I. Cabillic and  B. Rieth and H. Tasman},
    title = {Premier bilan de l'étude historique et architecturale du château de Vincennes},
    publisher = {},
    institution = {Equipe de recherche sur le château de Vincennes et la banlieue est},
    location = {},
    year = 1995,
    pagetotal = {},
    language = {français},
    keywords = {autres, report-crh, crh-1995}
}
@report{Chapelot4889-1996,
    author = {Chapelot, Jean and G. Alexandre and K. Berthier and S. Buttner and S. Jardin and V. Mataouchek and L. Vissière},
    title = {Sondages archéologiques dans le château de Vincennes : sondages au revers des voûtes des premier, second et troisième étages du donjon; sondages archéologiques dans les douves contre le pont de la tour du Village},
    publisher = {},
    institution = {Equipe de recherche sur le château de Vincennes et la banlieue est},
    location = {},
    year = 1996,
    pagetotal = {},
    language = {français},
    keywords = {autres, report-crh, crh-1996}
}
@report{Chapelot4890-1996,
    author = {Chapelot, Jean and S. Büttner and C. Cammas and C. Carrierre-Desbois and R. Guillemin and P. MacIntyre and E. Marmet},
    title = {Fouilles du manoir de Vincennes (1991-1996). Document final de synthès},
    publisher = {},
    institution = {Equipe de recherche sur le château de Vincennes et la banlieue est},
    location = {},
    year = 1996,
    pagetotal = {},
    language = {français},
    keywords = {autres, report-crh, crh-1996}
}
@report{Chapelot4893-1996,
    author = {Chapelot, Jean and H.S. Tasman},
    title = {La Tour de latrines du donjon de Vincennes. Reconnaissance architecturale},
    publisher = {},
    institution = {Equipe de recherche sur le château de Vincennes et la banlieue est},
    location = {},
    year = 1996,
    pagetotal = {},
    language = {français},
    keywords = {autres, report-crh, crh-1996}
}
@report{Chapelot4894-1994,
    author = {Chapelot, Odette and J. Chapelot and O. Blin and C. Carrierre-Desbois et},
    title = {Le Manoir capétien de Vincennes. Rapport de fouille (Années 1992-1993)},
    publisher = {},
    institution = {Equipe de recherche sur le château de Vincennes et la banlieue est},
    location = {},
    year = 1994,
    pagetotal = {},
    language = {français},
    keywords = {autres, report-crh, crh-1994}
}
@report{Chapelot4895-1994,
    author = {Chapelot, Odette and J. Chapelot and V. Hébrard},
    title = {L'Enceinte du donjon de Vincennes : évolution du XIVe siècle à nos jours. L'aménagement des lieux et la couverture. Les matériaux de couverture en Ile-de-France. Etude préalable à la restauration des couvertures du chemin de ronde du donjon},
    publisher = {},
    institution = {Equipe de recherche sur le château de Vincennes et la banlieue est},
    location = {},
    year = 1994,
    pagetotal = {},
    language = {français},
    keywords = {autres, report-crh, crh-1994}
}
@report{Chapelot4896-1995,
    author = {Chapelot, Odette and J. Chapelot, and J. Bertrand and F. Boyer and S. Buttner and I. Cabillic and  B. Rieth and H. Tasman},
    title = {Premier bilan de l'étude historique et architecturale du château de Vincennes},
    publisher = {},
    institution = {Equipe de recherche sur le château de Vincennes et la banlieue est},
    location = {},
    year = 1995,
    pagetotal = {},
    language = {français},
    keywords = {autres, report-crh, crh-1995}
}
@report{Bergeron5641-1982,
    author = {Bergeron, Louis},
    title = {Les moteurs hydrauliques et leurs applications industrielles en France},
    publisher = {CILAC/EHESS},
    institution = {},
    location = {Paris},
    year = 1982,
    pagetotal = {134},
    language = {français},
    keywords = {autres, report-crh, crh-1982}
}
@report{Bergeron5642-1982,
    author = {Bergeron, Louis},
    title = {Inventaire expérimental des moteurs hydrauliques et de leurs applications industrielles (France, XVIIIe-XIXe siècles)},
    publisher = {CILAC/EHESS},
    institution = {},
    location = {Paris},
    year = 1982,
    pagetotal = {150},
    language = {français},
    keywords = {autres, report-crh, crh-1982}
}
@incollection{Hartog289-1988,
    author = {Hartog, François},
    editor = {?},
    title = {La curiosité pour le phénomène religieux},
    booktitle = {Atlas des Religions},
    publisher = {Encyclopedia Universalis},
    series = {},
    location = {},
    year = 1988,
    pagetotal = {5},
    language = {français},
    keywords = {autres, outil-recherche-crh, crh-1988}
}
@incollection{Bonnain629-1995,
    author = {Bonnain-Dulon, Rolande},
    editor = {B. Lepetit and M. Sinarellis},
    title = {L'héritage entre événement et longue durée},
    booktitle = {Atlas de la Révolution: 8, La population},
    publisher = {EHESS},
    series = {},
    location = {Paris},
    year = 1995,
    pagetotal = {2},
    language = {français},
    keywords = {autres, outil-recherche-crh, crh-1995}
}
@incollection{Arbellot646-1989,
    author = {Arbellot, Guy},
    editor = {D.Nordman and M.V.Ozouf-Marignier and A.Laclau},
    title = {Les sources de la Carte des subdélégations à la veille de 1789},
    booktitle = {Atlas de la Révolution française, t. V - Le territoire (2), Les limites administratives},
    publisher = {EHESS},
    series = {},
    location = {Paris},
    year = 1989,
    pagetotal = {4},
    language = {français},
    keywords = {autres, outil-recherche-crh, crh-1989}
}
@incollection{Arbellot697-1989,
    author = {Arbellot, Guy},
    editor = {D.Nordman and M.V.Ozouf-Marignier and A.Laclau},
    title = {Tableau des chef-lieux administratifs en 1790 et en 1800},
    booktitle = {Atlas de la Révolution française, t. V - Le territoire (2), Les limites administratives},
    publisher = {EHESS},
    series = {},
    location = {Paris},
    year = 1989,
    pagetotal = {43},
    language = {français},
    keywords = {autres, outil-recherche-crh, crh-1989}
}
@book{Rochot1019-1967,
    author = {Rochot, B},
    editor = {},
    title = {Correspondance du P. Marin Mersenne},
    publisher = {},
    series = {},
    location = {},
    year = 1967,
    pagetotal = {},
    language = {français},
    keywords = {autres, outil-recherche-crh, crh-1967}
}
@book{Couturier1056-1971,
    author = {Couturier, Marcel},
    editor = {},
    title = {Système FORCOD. L'exploitation en FORCOD C},
    publisher = {},
    series = {},
    location = {},
    year = 1971,
    pagetotal = {},
    language = {français},
    keywords = {autres, outil-recherche-crh, crh-1971}
}
@book{Ozouf1126-1971,
    author = {Ozouf, Jacques},
    editor = {},
    title = {Vincent Auriol: Journal du Septennat, tome VII},
    publisher = {Armand Colin},
    series = {},
    location = {Paris},
    year = 1971,
    pagetotal = {},
    language = {français},
    keywords = {autres, outil-recherche-crh, crh-1971}
}
@book{Tenenti1132-1972,
    author = {Tenenti, Branislava},
    editor = {},
    title = {Vingt années d'histoire et de sciences humaines. Table des Annales E.S.C.},
    publisher = {},
    series = {},
    location = {},
    year = 1972,
    pagetotal = {},
    language = {français},
    keywords = {autres, outil-recherche-crh, crh-1972}
}
@book{Hemardinquer1203-1976,
    author = {Hemardinquer, Jean-Jacques},
    editor = {B. Quemada},
    title = {Collaboration à Matériaux pour l'histoire du vocabulaire français, Datations et documents lexicographiques},
    publisher = {},
    series = {},
    location = {},
    year = 1976,
    pagetotal = {},
    language = {français},
    keywords = {autres, outil-recherche-crh, crh-1976}
}
@incollection{Hemardinquer1355-1978,
    author = {Hemardinquer, Jean-Jacques},
    editor = {B. Quemada},
    title = {Matériaux pour l'histoire du vocabulaire français, Datations et documents lexicographiques},
    booktitle = {Matériaux pour l'histoire du vocabulaire français, Datations et Documents lexicographiques},
    publisher = {Klincksieck},
    series = {},
    location = {Paris},
    year = 1978,
    pagetotal = {},
    language = {français},
    keywords = {autres, outil-recherche-crh, crh-1978}
}
@book{Julia1372-1977,
    author = {Julia, Dominique},
    editor = {},
    title = {Répertoire des visites pastorales de la France-première Série : Anciens diocèses jusqu'en 1790},
    publisher = {CNRS},
    series = {},
    location = {Paris},
    year = 1977,
    pagetotal = {},
    language = {français},
    keywords = {autres, outil-recherche-crh, crh-1977}
}
@book{Dupaquier1503-1978,
    author = {Dupaquier, Jacques and J.P.Bardet},
    editor = {},
    title = {Ain},
    publisher = {CNRS},
    series = {},
    location = {Paris},
    year = 1978,
    pagetotal = {},
    language = {français},
    keywords = {autres, outil-recherche-crh, crh-1978}
}
@book{Bardet1524-1978,
    author = {Bardet, Jean-Pierre and J.Dupâquier},
    editor = {},
    title = {Dictionnaire des paroisses},
    publisher = {CNRS},
    series = {},
    location = {Paris},
    year = 1978,
    pagetotal = {},
    language = {français},
    keywords = {autres, outil-recherche-crh, crh-1978}
}
@book{Bardet1525-1979,
    author = {Bardet, Jean-Pierre and J.Dupâquier},
    editor = {},
    title = {Dictionnaire des paroisses},
    publisher = {CNRS},
    series = {},
    location = {Paris},
    year = 1979,
    pagetotal = {},
    language = {français},
    keywords = {autres, outil-recherche-crh, crh-1979}
}
@book{Bardet1529-1979,
    author = {Bardet, Jean-Pierre and J.Dupâquier},
    editor = {},
    title = {Dictionnaire des paroisses},
    publisher = {CNRS},
    series = {},
    location = {Paris},
    year = 1979,
    pagetotal = {},
    language = {français},
    keywords = {autres, outil-recherche-crh, crh-1979}
}
@book{Bardet1530-1978,
    author = {Bardet, Jean-Pierre and J.Dupâquier},
    editor = {},
    title = {Dictionnaire des paroisses},
    publisher = {CNRS},
    series = {},
    location = {Paris},
    year = 1978,
    pagetotal = {},
    language = {français},
    keywords = {autres, outil-recherche-crh, crh-1978}
}
@book{Bardet1531-1979,
    author = {Bardet, Jean-Pierre and J.Dupâquier},
    editor = {},
    title = {Dictionnaire des paroisses},
    publisher = {CNRS},
    series = {},
    location = {Paris},
    year = 1979,
    pagetotal = {},
    language = {français},
    keywords = {autres, outil-recherche-crh, crh-1979}
}
@book{Bergeron1539-1978,
    author = {Bergeron, Louis and G.Chaussinand},
    editor = {},
    title = {Grands notables du premier Empire},
    publisher = {CNRS},
    series = {},
    location = {Paris},
    year = 1978,
    pagetotal = {},
    language = {français},
    keywords = {autres, outil-recherche-crh, crh-1978}
}
@book{LeMee1630-1978,
    author = {Le Mee, René},
    editor = {},
    title = {bibliographie},
    publisher = {Lecerf},
    series = {},
    location = {Rouen},
    year = 1978,
    pagetotal = {},
    language = {français},
    keywords = {autres, outil-recherche-crh, crh-1978}
}
@book{LeMee1632-1979,
    author = {Le Mee, René},
    editor = {},
    title = {bibliographie},
    publisher = {Lecerf},
    series = {},
    location = {Rouen},
    year = 1979,
    pagetotal = {},
    language = {français},
    keywords = {autres, outil-recherche-crh, crh-1979}
}
@book{Dupaquier1633-1979,
    author = {Dupaquier, Jacques and J.P.Bardet},
    editor = {},
    title = {Aude},
    publisher = {CNRS},
    series = {},
    location = {Paris},
    year = 1979,
    pagetotal = {},
    language = {français},
    keywords = {autres, outil-recherche-crh, crh-1979}
}
@book{Dupaquier1634-1979,
    author = {Dupaquier, Jacques and J.P.Bardet},
    editor = {},
    title = {Nièvre},
    publisher = {CNRS},
    series = {},
    location = {Paris},
    year = 1979,
    pagetotal = {},
    language = {français},
    keywords = {autres, outil-recherche-crh, crh-1979}
}
@book{Dupaquier1635-1978,
    author = {Dupaquier, Jacques and J.P.Bardet},
    editor = {},
    title = {Rhône},
    publisher = {CNRS},
    series = {},
    location = {Paris},
    year = 1978,
    pagetotal = {},
    language = {français},
    keywords = {autres, outil-recherche-crh, crh-1978}
}
@book{Dupaquier1636-1979,
    author = {Dupaquier, Jacques and J.P.Bardet},
    editor = {},
    title = {Savoie},
    publisher = {CNRS},
    series = {},
    location = {Paris},
    year = 1979,
    pagetotal = {},
    language = {français},
    keywords = {autres, outil-recherche-crh, crh-1979}
}
@book{Nora1653-1978,
    author = {Nora, Pierre and Dominique Boché},
    editor = {},
    title = {Vincent Auriol: Journal du septennat. T.VII},
    publisher = {Armand Colin},
    series = {},
    location = {Paris},
    year = 1978,
    pagetotal = {},
    language = {français},
    keywords = {autres, outil-recherche-crh, crh-1978}
}
@book{Vitu1725-1978,
    author = {Vitu, Anne},
    editor = {},
    title = {Dictionnaire des paroisses et communes de France: l'Aube},
    publisher = {CNRS},
    series = {},
    location = {Paris},
    year = 1978,
    pagetotal = {},
    language = {français},
    keywords = {autres, outil-recherche-crh, crh-1978}
}
@book{Bardet1771-1981,
    author = {Bardet, Jean-Pierre and M.Hainsworth},
    editor = {},
    title = {Logiciel Casoar},
    publisher = {},
    series = {},
    location = {},
    year = 1981,
    pagetotal = {180},
    language = {français},
    keywords = {autres, outil-recherche-crh, crh-1981}
}
@book{Bergeron1779-1982,
    author = {Bergeron, Louis and G.Chaussinand},
    editor = {},
    title = {Grands notables du premier Empire: Loir-et-Cher, Indre-et-Loire, Loire Inférieure},
    publisher = {CNRS},
    series = {},
    location = {Paris},
    year = 1982,
    pagetotal = {},
    language = {français},
    keywords = {autres, outil-recherche-crh, crh-1982}
}
@book{Braemer1796-1981,
    author = {Braemer, Franck},
    editor = {},
    title = {Les fouilles, techniques de terrain. Dossier pédagogique audiovisuel (diapositives)},
    publisher = {SERMAP-HATIER},
    series = {},
    location = {Paris},
    year = 1981,
    pagetotal = {12},
    language = {français},
    keywords = {autres, outil-recherche-crh, crh-1981}
}
@book{Guillou1889-1980,
    author = {Guillou, André},
    editor = {},
    title = {Saint-Jean Théristès (1054-1264). Corpus des Actes grecs},
    publisher = {Vatican},
    series = {},
    location = {Rome},
    year = 1980,
    pagetotal = {380},
    language = {italien},
    keywords = {autres, outil-recherche-crh, crh-1980}
}
@book{Julia1909-1980,
    author = {Julia, Dominique},
    editor = {},
    title = {Répertoire des visites pastorales. Première série. Anciens diocèses (jusqu'en 1790)},
    publisher = {Paris},
    series = {CNRS},
    location = {},
    year = 1980,
    pagetotal = {},
    language = {français},
    keywords = {autres, outil-recherche-crh, crh-1980}
}
@book{LeMee1947-1980,
    author = {Le Mee, René},
    editor = {},
    title = {bibliographie},
    publisher = {Lecerf},
    series = {},
    location = {Rouen},
    year = 1980,
    pagetotal = {},
    language = {français},
    keywords = {autres, outil-recherche-crh, crh-1980}
}
@book{LeMee1948-1981,
    author = {Le Mee, René},
    editor = {},
    title = {bibliographie},
    publisher = {Lecerf},
    series = {},
    location = {Rouen},
    year = 1981,
    pagetotal = {},
    language = {français},
    keywords = {autres, outil-recherche-crh, crh-1981}
}
@book{Martin1950-1982,
    author = {Martin, Marie-Elisabeth},
    editor = {},
    title = {Dictionnaire administratif et démographique des paroisses et communes de la Drôme},
    publisher = {CNRS},
    series = {},
    location = {Paris},
    year = 1982,
    pagetotal = {},
    language = {français},
    keywords = {autres, outil-recherche-crh, crh-1982}
}
@incollection{Arbellot2085-1985,
    author = {Arbellot, Guy},
    editor = {},
    title = {Cartes anciennes de la Charente-Maritime},
    booktitle = {Paroisses et Communes de France - Dictionnaire d'histoire administrative et démographique. Charente-Maritime.},
    publisher = {},
    series = {},
    location = {},
    year = 1985,
    pagetotal = {13},
    language = {français},
    keywords = {autres, outil-recherche-crh, crh-1985}
}
@book{Guery2338-1983,
    author = {Guery, Alain},
    editor = {},
    title = {La vie en France de 1800 à nos jours. Fiches pédagogiques},
    publisher = {Nathan},
    series = {},
    location = {Paris},
    year = 1983,
    pagetotal = {},
    language = {français},
    keywords = {autres, outil-recherche-crh, crh-1983}
}
@book{Hemardinquer2360-1982,
    author = {Hemardinquer, Jean-Jacques},
    editor = {B. Quemada},
    title = {Datations et documents lexicographiques. Matériaux pour l'histoire du vocabulaire français, Datations et Documents lexicographiques},
    publisher = {Klincksieck},
    series = {},
    location = {Paris},
    year = 1982,
    pagetotal = {},
    language = {français},
    keywords = {autres, outil-recherche-crh, crh-1982}
}
@book{Julia2390-1983,
    author = {Julia, Dominique and M. Venard},
    editor = {},
    title = {Répertoire des visites pastorales de la France. Première série. Anciens diocèses jusqu'en 1790, t. III, Mâcon, -Riez},
    publisher = {CNRS},
    series = {},
    location = {Paris},
    year = 1983,
    pagetotal = {},
    language = {français},
    keywords = {autres, outil-recherche-crh, crh-1983}
}
@book{Julia2391-1984,
    author = {Julia, Dominique and M.-M. Compère},
    editor = {},
    title = {Les collèges français XVIe-XVIIIe siècles. Répertoire},
    publisher = {CNRS et Service des Publications de l'INRP},
    series = {},
    location = {Paris},
    year = 1984,
    pagetotal = {},
    language = {français},
    keywords = {autres, outil-recherche-crh, crh-1984}
}
@book{Julia2393-1985,
    author = {Julia, Dominique},
    editor = {},
    title = {Répertoire des visites pastorales de la France. Première série. Anciens diocèses (jusqu'en 1790), t. IV, La Rochelle-Ypres},
    publisher = {CNRS},
    series = {},
    location = {Paris},
    year = 1985,
    pagetotal = {},
    language = {français},
    keywords = {autres, outil-recherche-crh, crh-1985}
}
@book{LeMee2455-1983,
    author = {Le Mee, René},
    editor = {},
    title = {Bibliographie Internationale de la Démographie Historique 1983},
    publisher = {Société de Démographie Historique},
    series = {Union internationale pour l'Etude Scientifique de la Population},
    location = {Paris},
    year = 1983,
    pagetotal = {},
    language = {français},
    keywords = {autres, outil-recherche-crh, crh-1983}
}
@book{LeMee2456-1984,
    author = {Le Mee, René},
    editor = {},
    title = {Bibliographie Internationale de la Démographie Historique 1984},
    publisher = {Société de Démographie Historique},
    series = {Union internationale pour l'Etude Scientifique de la Population},
    location = {Paris},
    year = 1984,
    pagetotal = {},
    language = {français},
    keywords = {autres, outil-recherche-crh, crh-1984}
}
@book{LeMee2457-1985,
    author = {Le Mee, René},
    editor = {},
    title = {Bibliographie Internationale de la Démographie Historique 1985},
    publisher = {Société de Démographie Historique},
    series = {Union internationale pour l'Etude Scientifique de la Population},
    location = {Paris},
    year = 1985,
    pagetotal = {},
    language = {français},
    keywords = {autres, outil-recherche-crh, crh-1985}
}
@book{LeMee2459-1983,
    author = {Le Mee, René and A. BIDEAU},
    editor = {},
    title = {Annales de Démographie Historique (1964 à 1982). Bulletin D.H. (1970 à 1982). Tables et index},
    publisher = {EHESS},
    series = {},
    location = {Paris},
    year = 1983,
    pagetotal = {},
    language = {français},
    keywords = {autres, outil-recherche-crh, crh-1983}
}
@incollection{Arbellot2733-1989,
    author = {Arbellot, Guy and B. Lepetit and J. Bertrand},
    editor = {},
    title = {Routes et communications},
    booktitle = {Atlas de la Révolution française, t. I - Routes et communications},
    publisher = {EHESS},
    series = {},
    location = {Paris},
    year = 1989,
    pagetotal = {},
    language = {français},
    keywords = {autres, outil-recherche-crh, crh-1989}
}
@incollection{Arbellot2735-1989,
    author = {Arbellot, Guy},
    editor = {D.Nordman and M.V.Ozouf-Marignier and R.Gimeno and A.Laclau},
    title = {Le destin des centres de l'Ancien Régime},
    booktitle = {Atlas de la Révolution française, t.IV: le territoire, Recherches et représentations},
    publisher = {EHESS},
    series = {},
    location = {Paris},
    year = 1989,
    pagetotal = {2},
    language = {français},
    keywords = {autres, outil-recherche-crh, crh-1989}
}
@incollection{Arbellot2736-1989,
    author = {Arbellot, Guy},
    editor = {D.Nordman and M.V.Ozouf-Marignier and R.Gimeno and A.Laclau},
    title = {D'un réseau administratif à l'autre},
    booktitle = {Atlas de la Révolution française, t.IV: le territoire, Recherches et représentations},
    publisher = {EHESS},
    series = {},
    location = {Paris},
    year = 1989,
    pagetotal = {2},
    language = {français},
    keywords = {autres, outil-recherche-crh, crh-1989}
}
@incollection{Arbellot2737-1989,
    author = {Arbellot, Guy},
    editor = {D.Nordman and M.V.Ozouf-Marignier and R.Gimeno and A.Laclau},
    title = {L'origine des nouveaux centres administratifs},
    booktitle = {Atlas de la Révolution française, t.IV: le territoire, Recherches et représentations},
    publisher = {EHESS},
    series = {},
    location = {Paris},
    year = 1989,
    pagetotal = {2},
    language = {français},
    keywords = {autres, outil-recherche-crh, crh-1989}
}
@book{Chaussinand2923-1989,
    author = {Chaussinand-Nogaret, Guy},
    editor = {},
    title = {Grands Notables du Premier Empire},
    publisher = {CNRS},
    series = {},
    location = {Paris},
    year = 1989,
    pagetotal = {},
    language = {français},
    keywords = {autres, outil-recherche-crh, crh-1989}
}
@incollection{Hemardinquer3180-1986,
    author = {Hemardinquer, Jean-Jacques},
    editor = {B. Quemada},
    title = {Textes des XVIe-XXe siècles},
    booktitle = {Matériaux pour l'histoire du vocabulaire français, Datations et Documents lexicographiques},
    publisher = {Klincksieck},
    series = {},
    location = {Paris},
    year = 1986,
    pagetotal = {},
    language = {français},
    keywords = {autres, outil-recherche-crh, crh-1986}
}
@incollection{Julia3211-1987,
    author = {Julia, Dominique and H. Bertrand and S. Bonnain and A. Laclau},
    editor = {},
    title = {L'enseignement 1760-1815},
    booktitle = {Atlas de la Révolution, fascilule 2: l'enseignement 1760-1815},
    publisher = {EHESS},
    series = {},
    location = {Paris},
    year = 1987,
    pagetotal = {},
    language = {français},
    keywords = {autres, outil-recherche-crh, crh-1987}
}
@book{LeMee3297-1986,
    author = {Le Mee, René},
    editor = {},
    title = {Bibliographie Internationale de Démographie historique},
    publisher = {},
    series = {},
    location = {Liège},
    year = 1986,
    pagetotal = {},
    language = {français},
    keywords = {autres, outil-recherche-crh, crh-1986}
}
@book{LeMee3300-1988,
    author = {Le Mee, René},
    editor = {},
    title = {Bibligraphie Internationale de Démographie historique 1987},
    publisher = {},
    series = {},
    location = {Liège},
    year = 1988,
    pagetotal = {},
    language = {français},
    keywords = {autres, outil-recherche-crh, crh-1988}
}
@book{LeMee3301-1989,
    author = {Le Mee, René and M. Le Mée-Orsetti},
    editor = {},
    title = {Paroisses et communes de France. Dictionnaire d'histoire administrative et démographique. Seine-et-Marne},
    publisher = {},
    series = {},
    location = {},
    year = 1989,
    pagetotal = {},
    language = {français},
    keywords = {autres, outil-recherche-crh, crh-1989}
}
@incollection{LeMee3303-1989,
    author = {Le Mee, René},
    editor = {},
    title = {De la communauté de l'Ancien Régime à la commune},
    booktitle = {Atlas de la Révolution française, fasc. 4: Le territoire},
    publisher = {EHESS},
    series = {},
    location = {Paris},
    year = 1989,
    pagetotal = {2},
    language = {français},
    keywords = {autres, outil-recherche-crh, crh-1989}
}
@incollection{Lepetit3310-1987,
    author = {Lepetit, Bernard and G. Arbellot and J. Bertrand},
    editor = {},
    title = {Routes et communications},
    booktitle = {Atlas de la Révolution française. 1 - Routes et communications},
    publisher = {EHESS},
    series = {},
    location = {Paris},
    year = 1987,
    pagetotal = {},
    language = {français},
    keywords = {autres, outil-recherche-crh, crh-1987}
}
@incollection{Lepetit3321-1989,
    author = {Lepetit, Bernard},
    editor = {D.Nordman and M.V.Ozouf-Marignier and A.Laclau},
    title = {Les réseaux administratifs en 1790 et 1800},
    booktitle = {Atlas de la Révolution française, Le territoire},
    publisher = {EHESS},
    series = {},
    location = {Paris},
    year = 1989,
    pagetotal = {},
    language = {français},
    keywords = {autres, outil-recherche-crh, crh-1989}
}
@book{Martin3324-1989,
    author = {Martin-Laprade-Peysson, Marie-Elisabeth and Cl. Motte and J.-M. Peysson},
    editor = {},
    title = {Paroisses et communes de France. Dictionnaire d'histoire administrative et démographique},
    publisher = {CNRS},
    series = {},
    location = {Paris},
    year = 1989,
    pagetotal = {},
    language = {français},
    keywords = {autres, outil-recherche-crh, crh-1989}
}
@book{Motte3333-1989,
    author = {Motte, Claude and M.-E. Martin Laprade and J.-M. Peysson},
    editor = {},
    title = {Hérault. Paroisses et Communes de France},
    publisher = {CNRS},
    series = {},
    location = {Paris},
    year = 1989,
    pagetotal = {},
    language = {français},
    keywords = {autres, outil-recherche-crh, crh-1989}
}
@incollection{Smedley3586-1989,
    author = {Smedley-Weill, Anette},
    editor = {},
    title = {Correspondance des intendants avec le contrôleur général des finances, 1677-1689. Naissance d'une administration, t. 1 - Province de Bretagne, gouvernement de la Rochelle, généralités de Poitiers, Tours, Limoges, Alençon, Caen et Rouen},
    booktitle = {Naissance d'une administration, sous série G7, Inventaire analytique},
    publisher = {Archives Nationales},
    series = {},
    location = {Paris},
    year = 1989,
    pagetotal = {},
    language = {français},
    keywords = {autres, outil-recherche-crh, crh-1989}
}
@incollection{Vitu3613-1989,
    author = {Vitu, Anne},
    editor = {?},
    title = {Les recettes financières de l'Ancien Régime},
    booktitle = {Atlas de la Révolution française, Le Territoire},
    publisher = {EHESS},
    series = {},
    location = {Paris},
    year = 1989,
    pagetotal = {9},
    language = {français},
    keywords = {autres, outil-recherche-crh, crh-1989}
}
@incollection{Halevi3622-1986,
    author = {Halevi, Ran-Yedid},
    editor = {P. Vidal-Naquet},
    title = {La Révolution française et la guerre contre l'Europe : 1789-1799},
    booktitle = {Atlas Historique},
    publisher = {},
    series = {},
    location = {},
    year = 1986,
    pagetotal = {},
    language = {français},
    keywords = {autres, outil-recherche-crh, crh-1986}
}
@book{Berlioz3698-1992,
    author = {Berlioz, Jacques and J. Le Goff and A. Guerreau-Jalabert},
    editor = {M. Balard},
    title = {Anthropologie et histoire. Bibliographie de l'histoire médiévale en France (1965-1990)},
    publisher = {},
    series = {},
    location = {},
    year = 1992,
    pagetotal = {8},
    language = {français},
    keywords = {autres, outil-recherche-crh, crh-1992}
}
@book{Brabant3781-1996,
    author = {Brabant, Eva and Ernst Falzeder and Patrizia Giampieri-Deutsch},
    editor = {A. Haynal},
    title = {Sigmund Freud, Sandor Ferenczi, Correspondance, tome 2 (1914-1919)},
    publisher = {Calmann-Lévy},
    series = {},
    location = {Paris},
    year = 1996,
    pagetotal = {},
    language = {allemand},
    keywords = {autres, outil-recherche-crh, crh-1996}
}
@book{Debert3911-1991,
    author = {Debert, Aline and B. Ardura and P. Lerou},
    editor = {},
    title = {La pitié populaire en France : répertoire bibliographique},
    publisher = {},
    series = {},
    location = {Corse/Paris},
    year = 1991,
    pagetotal = {},
    language = {français},
    keywords = {autres, outil-recherche-crh, crh-1991}
}
@book{Duval3994-1993,
    author = {Duval, Bernadette},
    editor = {J. Hoock and P. Jeannin},
    title = {Ars mercatoria : Handbücher und Traktate für den gebrauch des kaufmanns, Manuels et traités à l'usage des marchands, 1470-1820, eine analytische bibliographie},
    publisher = {},
    series = {},
    location = {},
    year = 1993,
    pagetotal = {},
    language = {allemand},
    keywords = {autres, outil-recherche-crh, crh-1993}
}
@incollection{Goubert4116-1993,
    author = {Goubert, Jean-Pierre and A. Varet-Vitu and R. Rey},
    editor = {},
    title = {Médecine et santé},
    booktitle = {Atlas de la Révolution française, 7, Médecine et santé},
    publisher = {},
    series = {},
    location = {Paris},
    year = 1993,
    pagetotal = {},
    language = {français},
    keywords = {autres, outil-recherche-crh, crh-1993}
}
@incollection{Gratsac4121-1993,
    author = {Gratsac-Legendre, Valérie},
    editor = {J. Hoock and P. Jeannin},
    title = {Collaboration},
    booktitle = {Ars mercatoria : Handbücher und Traktate für den Gebrauch des Kaufmanns, Manuels et traités à l'usage des marchands, 1470-1820, eine analytische bibliographie},
    publisher = {},
    series = {},
    location = {Paderborn},
    year = 1993,
    pagetotal = {},
    language = {allemand},
    keywords = {autres, outil-recherche-crh, crh-1993}
}
@book{Greard4122-1991,
    author = {Greard, Catherine and M. Grimberg and Y. Trabu},
    editor = {},
    title = {Vingt Années d'Histoire de Sciences Humaines, Table Analytique des Annales (1969-1988)},
    publisher = {},
    series = {},
    location = {Paris},
    year = 1991,
    pagetotal = {},
    language = {français},
    keywords = {autres, outil-recherche-crh, crh-1991}
}
@book{Greard4123-1992,
    author = {Greard, Catherine and M. Bruston},
    editor = {},
    title = {L'Annuaire de la recherche géographique francophone},
    publisher = {},
    series = {},
    location = {Paris},
    year = 1992,
    pagetotal = {},
    language = {français},
    keywords = {autres, outil-recherche-crh, crh-1992}
}
@book{Hemardinquer4187-1992,
    author = {Hemardinquer, Jean-Jacques},
    editor = {B. Quemada},
    title = {Dépouillements de textes des XVIe-XXe siècles, Matériaux pour l'histoire du vocabulaire français, Datations et Documents lexicographiques},
    publisher = {Klincksieck},
    series = {},
    location = {Paris},
    year = 1992,
    pagetotal = {},
    language = {français},
    keywords = {autres, outil-recherche-crh, crh-1992}
}
@book{LeMee4313-1991,
    author = {Le Mee, René},
    editor = {},
    title = {Bibliographie Internationale de Démographie Historique, 1990},
    publisher = {},
    series = {},
    location = {Liège},
    year = 1991,
    pagetotal = {},
    language = {français},
    keywords = {autres, outil-recherche-crh, crh-1991}
}
@book{LeMee4317-1992,
    author = {Le Mee, René},
    editor = {},
    title = {Bibliographie Internationale de Démographie Historique, 1991},
    publisher = {},
    series = {},
    location = {Liège},
    year = 1992,
    pagetotal = {},
    language = {français},
    keywords = {autres, outil-recherche-crh, crh-1992}
}
@book{LeMee4319-1993,
    author = {Le Mee, René},
    editor = {},
    title = {Bibliographie Internationale de Démographie Historique, 1992},
    publisher = {},
    series = {},
    location = {Liège},
    year = 1993,
    pagetotal = {},
    language = {français},
    keywords = {autres, outil-recherche-crh, crh-1993}
}
@book{Motte4365-1992,
    author = {Motte, Claude and S. Scarlet-Boutouyrie},
    editor = {},
    title = {Dictionnaire des Paroisses et Communes de France, Meuse, Histoire administrative et démographique},
    publisher = {CNRS},
    series = {},
    location = {Paris},
    year = 1992,
    pagetotal = {},
    language = {français},
    keywords = {autres, outil-recherche-crh, crh-1992}
}
@book{Pomian4472-1992,
    author = {Pomian, Krzysztof},
    editor = {K. Muszynska},
    title = {Katalog rekopisow Biblioteki Narodowej (Catalogue des manuscrits de la Bibliothèque nationale) tome XII, notices IV 9401 à IV 9497},
    publisher = {},
    series = {},
    location = {Varsovie},
    year = 1992,
    pagetotal = {36},
    language = {polonais},
    keywords = {autres, outil-recherche-crh, crh-1992}
}
@incollection{Smedley4658-1989,
    author = {Smedley-Weill, Anette},
    editor = {},
    title = {Correspondance des intendants avec le contrôleur général des finances, 1677-1689. Naissance d'une administration, sous-série G7, Inventaire analytique},
    booktitle = {Naissance d'une administration, sous série G7, Inventaire analytique},
    publisher = {Archives Nationales},
    series = {},
    location = {Paris},
    year = 1989,
    pagetotal = {},
    language = {français},
    keywords = {autres, outil-recherche-crh, crh-1989}
}
@incollection{Smedley4659-1990,
    author = {Smedley-Weill, Anette},
    editor = {},
    title = {Provinces de Languedoc et de Roussillon, généralité de Bordeaux, province de Béarn, généralité de Montauban, province de Provence, généralités de Dauphiné, Pignerol et Lyon. sous-série G7, Inventaire analytique},
    booktitle = {Naissance d'une administration, sous série G7, Inventaire analytique},
    publisher = {Archives Nationales},
    series = {},
    location = {Paris},
    year = 1990,
    pagetotal = {},
    language = {français},
    keywords = {autres, outil-recherche-crh, crh-1990}
}
@incollection{Smedley4660-1991,
    author = {Smedley-Weill, Anette},
    editor = {},
    title = {Généralité de Flandre, province de Hainaut, généralité de Metz, duché de Luxembourg-comté de Chiny, gouvernement des Frontières de Champagne, provinces de Champagne, Alsace, Franche-Comté, Bourgogne, généralités de Soissons, Amiens, Paris, Bourges, Moulin},
    booktitle = {Naissance d'une administration, sous série G7, Inventaire analytique},
    publisher = {Archives Nationales},
    series = {},
    location = {Paris},
    year = 1991,
    pagetotal = {},
    language = {français},
    keywords = {autres, outil-recherche-crh, crh-1991}
}
@incollection{Vitu4699-1993,
    author = {Vitu-Varet, Anne and J.-P. Goubert and R. Rey},
    editor = {},
    title = {Médecine et santé},
    booktitle = {Atlas de la Révolution française, 7, Médecine et santé},
    publisher = {EHESS},
    series = {},
    location = {Paris},
    year = 1993,
    pagetotal = {},
    language = {français},
    keywords = {autres, outil-recherche-crh, crh-1993}
}
@book{Brabant4851-1992,
    author = {Brabant, Eva and E. Falzeder and P. Giampieri-Deutsch},
    editor = {A. Haynal},
    title = {Sigmund Freud, Sàndor Ferenczi, Correspondance, Tome 1 (1908-1914)},
    publisher = {Calmann-Lévy},
    series = {},
    location = {Paris},
    year = 1992,
    pagetotal = {},
    language = {allemand},
    keywords = {autres, outil-recherche-crh, crh-1992}
}
@book{Grinberg5227-1994,
    author = {Grinberg, Martine and C. Gréard and Y. Trabut},
    editor = {},
    title = {Table analytique des Annales, Economies Sociétés Civilisations, 1989-1993},
    publisher = {Armand Colin},
    series = {},
    location = {Paris},
    year = 1994,
    pagetotal = {},
    language = {français},
    keywords = {autres, outil-recherche-crh, crh-1994}
}
@incollection{LeMée5317-1995,
    author = {Le Mée, René},
    editor = {Anne Vitu and A.Laclau and B.Lepetit and M.Sinarellis},
    title = {Population},
    booktitle = {Atlas de la Révolution française. Fasc.8, Population},
    publisher = {EHESS},
    series = {},
    location = {Paris},
    year = 1995,
    pagetotal = {},
    language = {français},
    keywords = {autres, outil-recherche-crh, crh-1995}
}
@book{LeMée5321-1978,
    author = {Le Mée, René},
    editor = {},
    title = {Bibliographie internationale analytique et annuelle de la démographie historique},
    publisher = {},
    series = {},
    location = {},
    year = 1978,
    pagetotal = {},
    language = {français},
    keywords = {autres, outil-recherche-crh, crh-1978}
}
@incollection{Lepetit5326-1995,
    author = {Lepetit, Bernard and M. Sinarellis and A.Varet-Vitu and A.Laclau},
    editor = {},
    title = {Population},
    booktitle = {Atlas de la Révolution française. Population},
    publisher = {EHESS},
    series = {},
    location = {Paris},
    year = 1995,
    pagetotal = {93},
    language = {français},
    keywords = {autres, outil-recherche-crh, crh-1995}
}
@book{Motte5355-1994,
    author = {Motte, Claude and J.-P. Kintz},
    editor = {},
    title = {Haut-Rhin et Territoire de Belfort, Dictionnaire des Paroisses et Communes de France, Histoire administrative et démographique},
    publisher = {},
    series = {},
    location = {Paris},
    year = 1994,
    pagetotal = {},
    language = {français},
    keywords = {autres, outil-recherche-crh, crh-1994}
}
@book{Motte5356-1995,
    author = {Motte, Claude and J.-P. Brun},
    editor = {},
    title = {Hautes-Alpes, Dictionnaire des Paroisses et Communes de France, Histoire administrative et démographique},
    publisher = {},
    series = {},
    location = {Paris},
    year = 1995,
    pagetotal = {},
    language = {français},
    keywords = {autres, outil-recherche-crh, crh-1995}
}
@book{Motte5357-1996,
    author = {Motte, Claude and G. Florenty},
    editor = {},
    title = {Dordogne, Dictionnaire des Paroisses et Communes de France, Histoire administrative et démographique},
    publisher = {},
    series = {},
    location = {Paris},
    year = 1996,
    pagetotal = {},
    language = {français},
    keywords = {autres, outil-recherche-crh, crh-1996}
}
@book{Motte5358-1997,
    author = {Motte, Claude and C. Poitou},
    editor = {J.-P. Bardet and Cl. Motte},
    title = {Loir-et-Cher},
    publisher = {},
    series = {},
    location = {Paris},
    year = 1997,
    pagetotal = {},
    language = {français},
    keywords = {autres, outil-recherche-crh, crh-1997}
}
@book{Ormières5394-1995,
    author = {Ormières, Jean-Louis},
    editor = {},
    title = {Le Val de Loire. CD-Rom},
    publisher = {},
    series = {},
    location = {},
    year = 1995,
    pagetotal = {},
    language = {français},
    keywords = {autres, outil-recherche-crh, crh-1995}
}
@incollection{Sinarellis5582-1995,
    author = {Sinarellis, Maroula and B. Lepetit and A. Varet-Vitu and A. Laclau},
    editor = {},
    title = {Population},
    booktitle = {Atlas de la Révolution française. Population},
    publisher = {EHESS},
    series = {},
    location = {Paris},
    year = 1995,
    pagetotal = {93},
    language = {français},
    keywords = {autres, outil-recherche-crh, crh-1995}
}
@book{Smedley5584-1995,
    author = {Smedley-Weil, Anette},
    editor = {},
    title = {contribution à : Inventaire Voltaire},
    publisher = {Gallimard},
    series = {Quarto},
    location = {Paris},
    year = 1995,
    pagetotal = {7},
    language = {français},
    keywords = {autres, outil-recherche-crh, crh-1995}
}
@incollection{Varet5661-1995,
    author = {Varet-Vitu, Anne and B.Lepetit and M.Sinarellis and A.Laclau},
    editor = {},
    title = {Population},
    booktitle = {Atlas de la Révolution française. vol.8: Population},
    publisher = {EHESS},
    series = {},
    location = {Paris},
    year = 1995,
    pagetotal = {93},
    language = {français},
    keywords = {autres, outil-recherche-crh, crh-1995}
}
@thesis{Hemardinquer941-1950,
    author = {Hemardinquer, Jean-Jacques},
    title = {D.E.S.: La Réforme en Dauphiné jusqu'au début des guerres de religion, notamment d'après les arrêts inédits du Parlement de Grenoble},
    institution = {},
    location = {Grenoble},
    year = 1950,
    pagetotal = {},
    language = {français},
    keywords = {autres, theses-crh, crh-1950}
}
@thesis{Goubert1120-1972,
    author = {Goubert, Jean-Pierre},
    title = {Malades et Médecins en Bretagne 1770-1790 (thèse de 3e cycle)},
    institution = {},
    location = {},
    year = 1972,
    pagetotal = {},
    language = {français},
    keywords = {autres, theses-crh, crh-1972}
}
@thesis{Salaun1130-1973,
    author = {Salaun, J.-P},
    title = {Iglous du Nord Groenland (Thèse de 3e cycle)},
    institution = {},
    location = {},
    year = 1973,
    pagetotal = {},
    language = {français},
    keywords = {autres, theses-crh, crh-1973}
}
@thesis{Techeney1131-1973,
    author = {Techeney, E},
    title = {Parures humaines du Louristan(thèse de 3e cycle)},
    institution = {},
    location = {},
    year = 1973,
    pagetotal = {},
    language = {français},
    keywords = {autres, theses-crh, crh-1973}
}
@thesis{Ferenczi1184-1975,
    author = {Ferenczi, R},
    title = {Kafka. Subjectivité, Histoire et Structures},
    institution = {Klincksieck},
    location = {Paris},
    year = 1975,
    pagetotal = {},
    language = {français},
    keywords = {autres, theses-crh, crh-1975}
}
@thesis{Bergeron1261-1975,
    author = {Bergeron, Louis},
    title = {Banquiers, négociants et manufacturiers parisiens, du Directoire à l'Empire},
    institution = {Atelier de reproduction des thèses},
    location = {Lille 3},
    year = 1975,
    pagetotal = {},
    language = {français},
    keywords = {autres, theses-crh, crh-1975}
}
@thesis{Dupaquier1638-1979,
    author = {Dupaquier, Jacques},
    title = {La population du bassin parisien à l'époque de Louis XIV},
    institution = {EHESS-Lille III},
    location = {Paris-Lille},
    year = 1979,
    pagetotal = {},
    language = {français},
    keywords = {autres, theses-crh, crh-1979}
}
@thesis{Schnapper1714-1979,
    author = {Schnapper, Dominique},
    title = {Traditions culturelles et société industrielle},
    institution = {Université Paris5},
    location = {Paris},
    year = 1979,
    pagetotal = {435},
    language = {français},
    keywords = {autres, theses-crh, crh-1979}
}
@thesis{Bourdelais1754-1979,
    author = {Bourdelais, Patrice},
    title = {Le choléra en France, 1832 et 1854. Essai d'épidémiologie historique},
    institution = {},
    location = {Paris},
    year = 1979,
    pagetotal = {},
    language = {français},
    keywords = {autres, theses-crh, crh-1979}
}
@thesis{Fenot1755-1980,
    author = {Fenot, P},
    title = {Etude anthropologique des relations espace-population dans une commune rurale des Pyrénées Atlantiques},
    institution = {},
    location = {Paris-EHESS},
    year = 1980,
    pagetotal = {},
    language = {français},
    keywords = {autres, theses-crh, crh-1980}
}
@thesis{Netter1756-1980,
    author = {Netter, Marie-Laurence},
    title = {Alphabétisation et scolarisation dans l'Yonne et dans la Haute-Garonne de la fin du 17e siècle à 1833},
    institution = {},
    location = {Paris},
    year = 1980,
    pagetotal = {},
    language = {français},
    keywords = {autres, theses-crh, crh-1980}
}
@thesis{Beck2058-1980,
    author = {Beck, Patrice},
    title = {Une ville rurale à la fin du moyen âge: Nuits (Bourgogne). Espace, démographie et société},
    institution = {},
    location = {Paris},
    year = 1980,
    pagetotal = {},
    language = {français},
    keywords = {autres, theses-crh, crh-1980}
}
@thesis{Delille2059-1982,
    author = {Delille, Gérard},
    title = {Famille et propriété dans le royaume de Naples (15e-19e siècles)},
    institution = {Université Paris1},
    location = {Paris},
    year = 1982,
    pagetotal = {},
    language = {français},
    keywords = {autres, theses-crh, crh-1982}
}
@thesis{Triantafyllidou2060-1981,
    author = {Triantafyllidou-Baladie, Yolande},
    title = {Le commerce de la Crète, de la conquête ottomane à la fin du 18e siècle (1669-1795)},
    institution = {Université Paris7},
    location = {Paris},
    year = 1981,
    pagetotal = {},
    language = {français},
    keywords = {autres, theses-crh, crh-1981}
}
@thesis{Berlioz2113-1984,
    author = {Berlioz, Jacques},
    title = {Edition critique du 'Tractatus de diversis materiis predicabilibus' du dominicain Etienne de Bourbon (+ vers 1261), troisième partie, 'De dono scientie'},
    institution = {},
    location = {Paris},
    year = 1984,
    pagetotal = {},
    language = {français},
    keywords = {autres, theses-crh, crh-1984}
}
@thesis{Biquard2814-1986,
    author = {Biquard, Claire},
    title = {La lutte de l'Eglise contre les fêtes païennes, les jeux et les divertissements au XVIe et XVIIe siècles (thèse de doctorat de 3e cycle)},
    institution = {},
    location = {},
    year = 1986,
    pagetotal = {},
    language = {français},
    keywords = {autres, theses-crh, crh-1986}
}
@misc{Pomian3441-1986,
    author = {Pomian, Krzysztof},
    title = {L'idée de culture aujourd'hui. Conférence à l'Ecole Polytechnique},
    year = 1986,
    language = {français},
    keywords = {autres, conf-crh, crh-1986}
}
@incollection{Launay1078-1970,
        author = {Launay, Michel},
        editor = {},
        title = {Analyse linguistique et analyse du contenu du 'Projet de Constitution pour la Corse' de J.-J. Rousseau},
        booktitle = {Projet de Constitution pour la Corse de J.J.Rousseau},
        publisher = {publications du Centre d'histoire de la Méditerranée},
        series = {},
        location = {Nice},
        year = 1970,
        pagetotal = {},
        language = {français},
        keywords = {autres, art-rapport-crh, crh-1970}
        }
@incollection{Daumard1178-1976,
        author = {Daumard, Adeline},
        editor = {},
        title = {Les statistiques officielles sur les patrimoines en France aux XIXe et XXe siècles : évolution, intérêt, lacunes},
        booktitle = {Journées d'études sur l'histoire de la Statistique organisées par l'INSEE (23-25 juin 1976)},
        publisher = {},
        series = {},
        location = {},
        year = 1976,
        pagetotal = {},
        language = {français},
        keywords = {autres, art-rapport-crh, crh-1976}
        }
@article{Courbin1300-1975,
        author = {Courbin, Paul},
        title = {Rapport sur les deux premières campagnes de fouilles à Saint-Etienne de Diors (1973-1974)},
        journal = {Gallia},
        year = 1975,
        language = {français},
        keywords = {autres, art-rapport-crh, crh-1975}
        }
@article{Courbin1301-1978,
        author = {Courbin, Paul},
        title = {Rapport sur les 3e et 4e campagnes (1975-1976)},
        journal = {Gallia},
        year = 1978,
        language = {français},
        keywords = {autres, art-rapport-crh, crh-1978}
        }
@incollection{Benoit1662-1988,
        author = {Benoit, Serge},
        editor = {D. Woronoff},
        title = {La consommation de combustible végétal et l'évolution des systèmes techniques},
        booktitle = {A.T.P. Histoire industrielle de la France. Forges et Forêts},
        publisher = {},
        series = {},
        location = {Paris},
        year = 1988,
        pagetotal = {80},
        language = {français},
        keywords = {autres, art-rapport-crh, crh-1988}
        }
@incollection{Bonnain1786-1980,
        author = {Bonnain, Rolande},
        editor = {},
        title = {Le temps historique chez les forgerons},
        booktitle = {Ethnologie historique du changement},
        publisher = {},
        series = {},
        location = {},
        year = 1980,
        pagetotal = {17},
        language = {français},
        keywords = {autres, art-rapport-crh, crh-1980}
        }
@incollection{Bonnain1788-1980,
        author = {Bonnain, Rolande},
        editor = {},
        title = {La transformation des rapports ville-campagne vue à travers l'étude du système des places marchandes des Hautes-Pyrénées},
        booktitle = {Ethnologie historique du changement},
        publisher = {},
        series = {},
        location = {},
        year = 1980,
        pagetotal = {100},
        language = {français},
        keywords = {autres, art-rapport-crh, crh-1980}
        }
@incollection{Burguiere1801-1982,
        author = {Burguiere, André},
        editor = {},
        title = {Un peuple dans son histoire},
        booktitle = {Regards sur la France},
        publisher = {},
        series = {},
        location = {Paris},
        year = 1982,
        pagetotal = {65},
        language = {français},
        keywords = {autres, art-rapport-crh, crh-1982}
        }
@incollection{Grinberg1886-1980,
        author = {Grinberg, Martine and J.L.Ballais and M.Gruet and E.Zadora-Rio},
        editor = {},
        title = {Analyse des sources écrites (aveux) 15e-18e siècles},
        booktitle = {Evolution de l'habitat et histoire du paysage dans le Maine-et-Loire. La commune de Marigné},
        publisher = {},
        series = {},
        location = {},
        year = 1980,
        pagetotal = {17},
        language = {français},
        keywords = {autres, art-rapport-crh, crh-1980}
        }
@incollection{Pasquet1963-1980,
        author = {Pasquet, Yvonne},
        editor = {A.Burguière and J.Goy and J.Ozouf},
        title = {Repères et perception du changement à travers les récits de vie des ruraux},
        booktitle = {Archives orales pour l'histoire},
        publisher = {DGRST},
        series = {},
        location = {Paris},
        year = 1980,
        pagetotal = {25},
        language = {français},
        keywords = {autres, art-rapport-crh, crh-1980}
        }
@incollection{Pasquet1964-1980,
        author = {Pasquet, Yvonne and J.Goy and P.Pezerat},
        editor = {A.Burguière and J.Goy and J.Ozouf},
        title = {Les histoires de vie: sources pour l'histoire de la guerre et de ses représentations},
        booktitle = {Archives orales pour l'histoire},
        publisher = {DGRST},
        series = {},
        location = {Paris},
        year = 1980,
        pagetotal = {16},
        language = {français},
        keywords = {autres, art-rapport-crh, crh-1980}
        }
@incollection{Pezerat1977-1980,
        author = {Pezerat-Lebrun, Pierrette},
        editor = {A.Burguière and J.Ozouf},
        title = {Les repères du changement à travers les récits de vie d'ouvriers},
        booktitle = {Archives orales pour l'histoire},
        publisher = {DGRST},
        series = {},
        location = {Paris},
        year = 1980,
        pagetotal = {},
        language = {français},
        keywords = {autres, art-rapport-crh, crh-1980}
        }
@incollection{Pezerat1978-1980,
        author = {Pezerat-Lebrun, Pierrette and Y.Pasquet},
        editor = {},
        title = {Les guerres dans les récits de vie},
        booktitle = {Archives orales pour l'histoire},
        publisher = {DGRST},
        series = {},
        location = {Paris},
        year = 1980,
        pagetotal = {},
        language = {français},
        keywords = {autres, art-rapport-crh, crh-1980}
        }
@incollection{Poublan2067-1980,
        author = {Poublan, Danièle},
        editor = {A.Burguière and J.Goy and J.Ozouf},
        title = {La mobilité socio-professionnelle des ouvriers et des ouvrières d'après les récits de vie},
        booktitle = {Archives orales pour l'histoire},
        publisher = {DGRST},
        series = {},
        location = {Paris},
        year = 1980,
        pagetotal = {},
        language = {français},
        keywords = {autres, art-rapport-crh, crh-1980}
        }
@article{Ozouf2492-1985,
        author = {Ozouf, Mona},
        title = {Peut-on enseigner l'instruction civique ?},
        journal = {Le Débat},
        year = 1985,
        language = {français},
        keywords = {autres, art-rapport-crh, crh-1985}
        }
@article{Schnapper3571-1989,
        author = {Schnapper, Dominique},
        title = {Rapport à l'emploi, protection sociale et statuts sociaux},
        journal = {Revue Française de Sociologie},
        year = 1989,
        language = {français},
        keywords = {autres, art-rapport-crh, crh-1989}
        }
@article{Schmitt4593-1992,
        author = {Schmitt, Jean-Claude},
        title = {Construction du lien social : Equilibres et déséquilibres des sociétés},
        journal = {Rapport de conjoncture du Comité National de la Recherche Scientifique},
        year = 1992,
        language = {français},
        keywords = {autres, art-rapport-crh, crh-1992}
        }
@incollection{Lepetit5323-1994,
        author = {Lepetit, Bernard},
        editor = {},
        title = {Ségrégations urbaines : approches et formes spatiales. Considérations impertinentes},
        booktitle = {Réalités, évolutions et représentations des ségrégations urbaines en France de la fin de l'Ancien Régime aux années 1960},
        publisher = {ENS de Fontenay-Saint-Cloud, Centre d'histoire urbaine},
        series = {},
        location = {Paris},
        year = 1994,
        pagetotal = {},
        language = {français},
        keywords = {autres, art-rapport-crh, crh-1994}
        }
