@article{Nora1658-1980,
        author = {Nora, Pierre},
        title = {Que peuvent les intellectuels?, éditorial},
        journal = {Le Débat},
        issuetitle = {},
        year = 1980,
        language = {français},
        keywords = {preface, preface-journal-crh, crh-1980}
        }
@article{Carrié4874-1996,
        author = {Carrié, Jean-Michel},
        title = {Editorial},
        journal = {Antiquité Tardive},
        issuetitle = {},
        year = 1996,
        language = {français},
        keywords = {preface, preface-journal-crh, crh-1996}
        }
@incollection{Vernant1135-1971,
        author = {Vernant, J.-P},
        editor = {},
        title = {préface},
        booktitle = {Les jardins d'Adonis : la mythologie des aromates en Grèce},
        publisher = {Gallimard},
        location = {Paris},
        year = 1971,
        pagetotal = {},
        language = {français},
        keywords = {preface, preface-book-crh, crh-1971}
        }
@incollection{LeGoff1386-1978,
        author = {Le Goff, Jacques},
        editor = {},
        title = {préface},
        booktitle = {La Littérature et la vie politique et social au Moyen Age},
        publisher = {PUF},
        location = {Paris},
        year = 1978,
        pagetotal = {},
        language = {français},
        keywords = {preface, preface-book-crh, crh-1978}
        }
@incollection{Nora1398-1975,
        author = {Nora, Pierre},
        editor = {},
        title = {Préface},
        booktitle = { La Russie en 1839},
        publisher = {Gallimard},
        location = {Paris},
        year = 1975,
        pagetotal = {},
        language = {français},
        keywords = {preface, preface-book-crh, crh-1975}
        }
@incollection{Daumard1502-1978,
        author = {Daumard, Adeline},
        editor = {},
        title = {préface: Paris et les Parisiens au 19e siècle},
        booktitle = {Ville et société. Paris au XIXe siècle},
        publisher = {},
        location = {Paris},
        year = 1978,
        pagetotal = {},
        language = {français},
        keywords = {preface, preface-book-crh, crh-1978}
        }
@incollection{Chartier1810-1981,
        author = {Chartier, Roger},
        editor = {},
        title = {préface},
        booktitle = {Les possédés de Morzine},
        publisher = {PUL},
        location = {Lyon},
        year = 1981,
        pagetotal = {6},
        language = {français},
        keywords = {preface, preface-book-crh, crh-1981}
        }
@incollection{Ferro1859-1981,
        author = {Ferro, Marc},
        editor = {},
        title = {préface},
        booktitle = {Jean Renoir, l'Insurgé},
        publisher = {Sycomore},
        location = {Paris},
        year = 1981,
        pagetotal = {},
        language = {français},
        keywords = {preface, preface-book-crh, crh-1981}
        }
@incollection{Peter1975-1980,
        author = {Peter, Jean-Pierre},
        editor = {},
        title = {Préface},
        booktitle = {Les nourrices à Paris au 19e siècle},
        publisher = {Payot},
        location = {Paris},
        year = 1980,
        pagetotal = {8},
        language = {français},
        keywords = {preface, preface-book-crh, crh-1980}
        }
@incollection{Reberioux2006-1980,
        author = {Reberioux, Madeleine},
        editor = {},
        title = {préface},
        booktitle = {Discours parlementaires de Jaurès},
        publisher = {Slatkine},
        location = {},
        year = 1980,
        pagetotal = {},
        language = {français},
        keywords = {preface, preface-book-crh, crh-1980}
        }
@incollection{Reberioux2007-1982,
        author = {Reberioux, Madeleine},
        editor = {},
        title = {préface},
        booktitle = {Preuves},
        publisher = {éd. du signe},
        location = {},
        year = 1982,
        pagetotal = {},
        language = {français},
        keywords = {preface, preface-book-crh, crh-1982}
        }
@incollection{Daumard2209-1984,
        author = {Daumard, Adeline},
        editor = {},
        title = {Edition et préface de la thèse de Gérard Jacquemet},
        booktitle = {Belleville au XIXe siècle},
        publisher = {EHESS},
        location = {Paris},
        year = 1984,
        pagetotal = {},
        language = {français},
        keywords = {preface, preface-book-crh, crh-1984}
        }
@incollection{Guillou2346-1983,
        author = {Guillou, André},
        editor = {},
        title = {préface},
        booktitle = {L'Estetica bizantina},
        publisher = {},
        location = {Bari},
        year = 1983,
        pagetotal = {2},
        language = {italien},
        keywords = {preface, preface-book-crh, crh-1983}
        }
@incollection{Guillou2347-1983,
        author = {Guillou, André},
        editor = {},
        title = {préface},
        booktitle = {The Life of Saint Nicholas in Byzantine Art},
        publisher = {},
        location = {Turin},
        year = 1983,
        pagetotal = {},
        language = {anglais},
        keywords = {preface, preface-book-crh, crh-1983}
        }
@incollection{LeGoff2444-1983,
        author = {Le Goff, Jacques},
        editor = {},
        title = {préface},
        booktitle = {L'homme enceint},
        publisher = {PUF},
        location = {Paris},
        year = 1983,
        pagetotal = {},
        language = {français},
        keywords = {preface, preface-book-crh, crh-1983}
        }
@incollection{LeGoff2445-1984,
        author = {Le Goff, Jacques},
        editor = {},
        title = {préface},
        booktitle = {La légende dorée. Le système narratif de Jacques de Voragine (1298},
        publisher = {Cerf},
        location = {Paris},
        year = 1984,
        pagetotal = {},
        language = {français},
        keywords = {preface, preface-book-crh, crh-1984}
        }
@incollection{LeGoff2446-1985,
        author = {Le Goff, Jacques},
        editor = {},
        title = {préface},
        booktitle = {Orange au Moyen Age},
        publisher = {},
        location = {},
        year = 1985,
        pagetotal = {},
        language = {français},
        keywords = {preface, preface-book-crh, crh-1985}
        }
@incollection{LeGoff2447-1985,
        author = {Le Goff, Jacques},
        editor = {},
        title = {préface},
        booktitle = {La société médiévale},
        publisher = {Ed.M.A.},
        location = {Paris},
        year = 1985,
        pagetotal = {},
        language = {français},
        keywords = {preface, preface-book-crh, crh-1985}
        }
@incollection{LeGoff2449-1985,
        author = {Le Goff, Jacques},
        editor = {},
        title = {préface},
        booktitle = {Le Peuple par écrit},
        publisher = {Seuil},
        location = {Paris},
        year = 1985,
        pagetotal = {},
        language = {français},
        keywords = {preface, preface-book-crh, crh-1985}
        }
@incollection{LeGoff2450-1985,
        author = {Le Goff, Jacques},
        editor = {},
        title = {préface},
        booktitle = {L'Occident et l'Afrique XIIIe-XVe siècles},
        publisher = {Edition Karthala},
        location = {Paris},
        year = 1985,
        pagetotal = {},
        language = {français},
        keywords = {preface, preface-book-crh, crh-1985}
        }
@incollection{Ozouf2484-1985,
        author = {Ozouf, Jacques},
        editor = {},
        title = {Préface},
        booktitle = {La Forteresse enseignante, la Fédération de l'Education Nationale},
        publisher = {Fayard},
        location = {Paris},
        year = 1985,
        pagetotal = {},
        language = {français},
        keywords = {preface, preface-book-crh, crh-1985}
        }
@incollection{Ozouf2493-1985,
        author = {Ozouf, Mona and J. Ozouf},
        editor = {},
        title = {préface},
        booktitle = {La Forteresse enseignante, la Fédération de l'Education Nationale},
        publisher = {Fayard},
        location = {Paris},
        year = 1985,
        pagetotal = {},
        language = {français},
        keywords = {preface, preface-book-crh, crh-1985}
        }
@incollection{Peter2511-1982,
        author = {Peter, Jean-Pierre},
        editor = {},
        title = {Préface},
        booktitle = {Une si longue naissance},
        publisher = {},
        location = {Paris},
        year = 1982,
        pagetotal = {10},
        language = {français},
        keywords = {preface, preface-book-crh, crh-1982}
        }
@incollection{Peter2512-1984,
        author = {Peter, Jean-Pierre},
        editor = {},
        title = {Préface},
        booktitle = {Le Corps et l'Ame : la vie des religieuses au XIXe siècle},
        publisher = {},
        location = {Paris},
        year = 1984,
        pagetotal = {10},
        language = {français},
        keywords = {preface, preface-book-crh, crh-1984}
        }
@incollection{Reberioux2573-1982,
        author = {Reberioux, Madeleine},
        editor = {},
        title = {préface},
        booktitle = {la création de l'unité socialiste en France},
        publisher = {EDI-Syros},
        location = {Paris},
        year = 1982,
        pagetotal = {12},
        language = {français},
        keywords = {preface, preface-book-crh, crh-1982}
        }
@incollection{Reberioux2574-1982,
        author = {Reberioux, Madeleine},
        editor = {},
        title = {préface},
        booktitle = {Chanter pour survivre. Culture ouvrière, travail et techniques dans le textile},
        publisher = {Fédération Léo Lagrange},
        location = {Roubaix},
        year = 1982,
        pagetotal = {},
        language = {français},
        keywords = {preface, preface-book-crh, crh-1982}
        }
@incollection{Reberioux2587-1984,
        author = {Reberioux, Madeleine},
        editor = {},
        title = {préface},
        booktitle = {Longwy, immigrés et prolétaires},
        publisher = {PUF},
        location = {Paris},
        year = 1984,
        pagetotal = {},
        language = {français},
        keywords = {preface, preface-book-crh, crh-1984}
        }
@incollection{Reberioux2588-1984,
        author = {Reberioux, Madeleine},
        editor = {},
        title = {préface},
        booktitle = {Voyage aux forges d'Hennebont, 1860-1945},
        publisher = {La Digitale},
        location = {},
        year = 1984,
        pagetotal = {},
        language = {français},
        keywords = {preface, preface-book-crh, crh-1984}
        }
@incollection{Reberioux2589-1984,
        author = {Reberioux, Madeleine},
        editor = {},
        title = {préface},
        booktitle = {Diderot et l'Art, catalogue de l'exposition de Boucher à David},
        publisher = {Réunion des Musées nationaux},
        location = {Paris},
        year = 1984,
        pagetotal = {},
        language = {français},
        keywords = {preface, preface-book-crh, crh-1984}
        }
@incollection{Reberioux2592-1985,
        author = {Reberioux, Madeleine},
        editor = {},
        title = {préface},
        booktitle = {Images du Travail, catalogue de l'exposition du Musée Ferdinand Léger},
        publisher = {Réunion des Musées nationaux},
        location = {Paris},
        year = 1985,
        pagetotal = {21},
        language = {français},
        keywords = {preface, preface-book-crh, crh-1985}
        }
@incollection{Richet2610-1985,
        author = {Richet, Denis},
        editor = {},
        title = {préface},
        booktitle = {La Sainte Ligue. Le juge et la potence},
        publisher = {Hachette},
        location = {Paris},
        year = 1985,
        pagetotal = {},
        language = {français},
        keywords = {preface, preface-book-crh, crh-1985}
        }
@incollection{Richet2611-1985,
        author = {Richet, Denis},
        editor = {},
        title = {préface},
        booktitle = {Mazarinades : la Fronde des mots},
        publisher = {Aubier},
        location = {Paris},
        year = 1985,
        pagetotal = {},
        language = {français},
        keywords = {preface, preface-book-crh, crh-1985}
        }
@incollection{Daumard2950-1989,
        author = {Daumard, Adeline},
        editor = {},
        title = {préface},
        booktitle = {Les classes bourgeoises et l'avènement de la démocratie},
        publisher = {Albin Michel},
        location = {Paris},
        year = 1989,
        pagetotal = {17},
        language = {français},
        keywords = {preface, preface-book-crh, crh-1989}
        }
@incollection{Flandrin3041-1988,
        author = {Flandrin, Jean-Louis},
        editor = {},
        title = {préface},
        booktitle = {Le recueil de Riom et La manière de Henter Soutillement. Un livre de cuisine et un réceptaire sur les greffes du XVe siècle, (Le Moyen Age Français)},
        publisher = {Edition CERES},
        location = {Montréal},
        year = 1988,
        pagetotal = {5},
        language = {français},
        keywords = {preface, preface-book-crh, crh-1988}
        }
@incollection{Fridenson3066-1989,
        author = {Fridenson, Patrick},
        editor = {},
        title = {avant propos},
        booktitle = {Stratégies et structures des entreprises},
        publisher = {Editions d'Organisation},
        location = {Paris},
        year = 1989,
        pagetotal = {6},
        language = {français},
        keywords = {preface, preface-book-crh, crh-1989}
        }
@incollection{Guillou3160-1986,
        author = {Guillou, André},
        editor = {},
        title = {préface},
        booktitle = {Il prato e l'Ape. Il sapere sentenzioso del monaco Giovanni},
        publisher = {},
        location = {Vienne (Autriche)},
        year = 1986,
        pagetotal = {2},
        language = {italien},
        keywords = {preface, preface-book-crh, crh-1986}
        }
@incollection{Peter3403-1988,
        author = {Peter, Jean-Pierre},
        editor = {},
        title = {préface: A la recherche des enfants perdus},
        booktitle = {Les enfants du malheur- enfants trouvés en Savoie au XIXe siècle},
        publisher = {},
        location = {Apremont},
        year = 1988,
        pagetotal = {6},
        language = {français},
        keywords = {preface, preface-book-crh, crh-1988}
        }
@incollection{Pomian3442-1987,
        author = {Pomian, Krzysztof},
        editor = {},
        title = {Préface},
        booktitle = {Polacy na Ukrainie 1831-1863 (le serf, le noble et le révisor},
        publisher = {},
        location = {Paris},
        year = 1987,
        pagetotal = {6},
        language = {polonais},
        keywords = {preface, preface-book-crh, crh-1987}
        }
@incollection{Revel3494-1989,
        author = {Revel, Jacques},
        editor = {},
        title = {L'histoire au ras du sol},
        booktitle = {Le Pouvoir au village. Histoire d'un exorciste dans le Piémont du XVIIe siècle},
        publisher = {Gallimard},
        location = {Paris},
        year = 1989,
        pagetotal = {33},
        language = {français},
        keywords = {preface, preface-book-crh, crh-1989}
        }
@incollection{Schmitt3531-1987,
        author = {Schmitt, Jean-Claude},
        editor = {},
        title = {Préface à la traduction anglaise},
        booktitle = {The Margins of Society},
        publisher = {},
        location = {Oxford},
        year = 1987,
        pagetotal = {5},
        language = {anglais},
        keywords = {preface, preface-book-crh, crh-1987}
        }
@incollection{Schmitt3546-1989,
        author = {Schmitt, Jean-Claude},
        editor = {},
        title = {Préface},
        booktitle = {La donna, la lussuria e la chiesa nel medioevo},
        publisher = {ECIG},
        location = {Gênes},
        year = 1989,
        pagetotal = {6},
        language = {italien},
        keywords = {preface, preface-book-crh, crh-1989}
        }
@incollection{Boureau3764-1992,
        author = {Boureau, Alain},
        editor = {},
        title = {Un seul diable en plusieurs personnes, préface},
        booktitle = {Les sciences du diable},
        publisher = {},
        location = {Paris},
        year = 1992,
        pagetotal = {7},
        language = {français},
        keywords = {preface, preface-book-crh, crh-1992}
        }
@incollection{Boureau3770-1993,
        author = {Boureau, Alain},
        editor = {},
        title = {Deux agitateurs, préface},
        booktitle = {Arnaud de Brescia},
        publisher = {},
        location = {Paris},
        year = 1993,
        pagetotal = {10},
        language = {français},
        keywords = {preface, preface-book-crh, crh-1993}
        }
@incollection{Chartier3858-1991,
        author = {Chartier, Roger},
        editor = {},
        title = {Textes, formes, interprétations},
        booktitle = {La bibliographie et la sociologie des textes},
        publisher = {},
        location = {Paris},
        year = 1991,
        pagetotal = {14},
        language = {français},
        keywords = {preface, preface-book-crh, crh-1991}
        }
@incollection{Chartier3859-1991,
        author = {Chartier, Roger},
        editor = {},
        title = {Historie oder das Wissen von Anderen, postface},
        booktitle = {Das Schreiben der Geschichte},
        publisher = {},
        location = {Francfort/New York et Paris},
        year = 1991,
        pagetotal = {11},
        language = {allemand},
        keywords = {preface, preface-book-crh, crh-1991}
        }
@incollection{Fridenson4066-1992,
        author = {Fridenson, Patrick},
        editor = {},
        title = {préface},
        booktitle = {Organisation et performance des entreprises},
        publisher = {},
        location = {Paris},
        year = 1992,
        pagetotal = {8},
        language = {français},
        keywords = {preface, preface-book-crh, crh-1992}
        }
@incollection{Sigaut4639-1991,
        author = {Sigaut, François},
        editor = {J. Perrin},
        title = {Postface},
        booktitle = {Construire une science des techniques},
        publisher = {},
        location = {Limonest},
        year = 1991,
        pagetotal = {8},
        language = {français},
        keywords = {preface, preface-book-crh, crh-1991}
        }
@incollection{Aymard4748-1995,
        author = {Aymard, Maurice},
        editor = {},
        title = {Préface},
        booktitle = {Fernand Braudel e l'Europa universale},
        publisher = {Odile Jacob},
        location = {Paris},
        year = 1995,
        pagetotal = {},
        language = {français},
        keywords = {preface, preface-book-crh, crh-1995}
        }
@incollection{Aymard4750-1996,
        author = {Aymard, Maurice},
        editor = {},
        title = {Préface},
        booktitle = {Ecrits de Fernand Braudel, t.I: Autour de la Méditerranée},
        publisher = {Editions de Fallois},
        location = {Paris},
        year = 1996,
        pagetotal = {},
        language = {français},
        keywords = {preface, preface-book-crh, crh-1996}
        }
@incollection{Chartier4951-1995,
        author = {Chartier, Roger},
        editor = {},
        title = {Préface},
        booktitle = {Ces bonnes lettres. Une correspondance familiale au XIXe siècle},
        publisher = {Albin Michel},
        location = {Paris},
        year = 1995,
        pagetotal = {5},
        language = {français},
        keywords = {preface, preface-book-crh, crh-1995}
        }
@incollection{Chartier4959-1996,
        author = {Chartier, Roger},
        editor = {F. Barbier and S. Juratic and D. Varry},
        title = {Postface. La librairie d'Ancien Régime},
        booktitle = {L'Europe et le livre. Réseaux et pratiques du négoce de librairie, XVIe-XIXe siècles},
        publisher = {Klincksieck},
        location = {Paris},
        year = 1996,
        pagetotal = {23},
        language = {français},
        keywords = {preface, preface-book-crh, crh-1996}
        }
@incollection{Chaussinand4989-1996,
        author = {Chaussinand-Nogaret, Guy},
        editor = {},
        title = {préface},
        booktitle = {L'Argent dans la France méridionale à l'époque moderne,},
        publisher = {},
        location = {Montpellier},
        year = 1996,
        pagetotal = {9},
        language = {français},
        keywords = {preface, preface-book-crh, crh-1996}
        }
@incollection{Depeyrot5052-1996,
        author = {Depeyrot, Georges},
        editor = {},
        title = {Préface},
        booktitle = {Les Imitations des monnaies d'Alexandre le Grand et de Thasos,},
        publisher = {},
        location = {Wetteren},
        year = 1996,
        pagetotal = {1},
        language = {français},
        keywords = {preface, preface-book-crh, crh-1996}
        }
@incollection{Fridenson5164-1995,
        author = {Fridenson, Patrick},
        editor = {},
        title = {Préface},
        booktitle = {Les Transformations du Comité d'entreprise Snecma, Evry-Corbeil 1983-1993,},
        publisher = {L'Harmattan},
        location = {Paris},
        year = 1995,
        pagetotal = {6},
        language = {français},
        keywords = {preface, preface-book-crh, crh-1995}
        }
@incollection{Hartog5244-1997,
        author = {Hartog, François},
        editor = {},
        title = {Préface},
        booktitle = {Les îles nomades, Conquérir et Résister dans l'Enquête d'Hérodote,},
        publisher = {EHESS},
        location = {Paris},
        year = 1997,
        pagetotal = {},
        language = {français},
        keywords = {preface, preface-book-crh, crh-1997}
        }
@incollection{LeBras5301-1994,
        author = {Le Bras, Hervé},
        editor = {},
        title = {Suicide et liberté},
        booktitle = {Le Suicide en prison},
        publisher = {L'Harmattan},
        location = {Paris},
        year = 1994,
        pagetotal = {},
        language = {français},
        keywords = {preface, preface-book-crh, crh-1994}
        }
@incollection{LeBras5311-1996,
        author = {Le Bras, Hervé},
        editor = {},
        title = {préface},
        booktitle = {Vieillissement et retraite au Japon,},
        publisher = {La documentation française},
        location = {Paris},
        year = 1996,
        pagetotal = {5},
        language = {français},
        keywords = {preface, preface-book-crh, crh-1996}
        }
@incollection{Lepetit5338-1996,
        author = {Lepetit, Bernard},
        editor = {},
        title = {Comment peut-on être Cerdan ? Préface},
        booktitle = {Frontières et identités nationales. La France et l'Espagne dans les Pyrénées depuis le XVIIe siècle,},
        publisher = {Belin},
        location = {Paris},
        year = 1996,
        pagetotal = {6},
        language = {français},
        keywords = {preface, preface-book-crh, crh-1996}
        }
@incollection{Noiriel5383-1996,
        author = {Noiriel, Gérard},
        editor = {},
        title = {préface},
        booktitle = {La "Vraie France",},
        publisher = {Belin},
        location = {Paris},
        year = 1996,
        pagetotal = {},
        language = {français},
        keywords = {preface, preface-book-crh, crh-1996}
        }
@incollection{Ozouf5402-1996,
        author = {Ozouf, Mona},
        editor = {},
        title = {préface},
        booktitle = {La fête républicaine,},
        publisher = {},
        location = {Paris},
        year = 1996,
        pagetotal = {14},
        language = {français},
        keywords = {preface, preface-book-crh, crh-1996}
        }
@incollection{Ozouf5405-1996,
        author = {Ozouf, Mona},
        editor = {},
        title = {Préface},
        booktitle = {L'Ecole républicaine et les petites patries,},
        publisher = {},
        location = {Paris},
        year = 1996,
        pagetotal = {11},
        language = {français},
        keywords = {preface, preface-book-crh, crh-1996}
        }
@incollection{Pesez5416-1996,
        author = {Pesez, Jean-Marie},
        editor = {},
        title = {préface},
        booktitle = {La Maison du Castrum de la bordure méridionale du Massif Central},
        publisher = {},
        location = {Carcassonne},
        year = 1996,
        pagetotal = {3},
        language = {français},
        keywords = {preface, preface-book-crh, crh-1996}
        }
@incollection{Pomian5449-1995,
        author = {Pomian, Krzysztof},
        editor = {},
        title = {préface: Historia, memoria y politica},
        booktitle = {Los Males de la Memoria. Historia y Politica en la Argentina},
        publisher = {Emecé},
        location = {Buenos Aires},
        year = 1995,
        pagetotal = {8},
        language = {espagnol},
        keywords = {preface, preface-book-crh, crh-1995}
        }
@incollection{Revel5481-1995,
        author = {Revel, Jacques},
        editor = {},
        title = {préface},
        booktitle = {Le Roman familial de la Révolution française},
        publisher = {Albin Michel},
        location = {Paris},
        year = 1995,
        pagetotal = {1},
        language = {français},
        keywords = {preface, preface-book-crh, crh-1995}
        }
@incollection{Schmitt5518-1994,
        author = {Schmitt, Jean-Claude},
        editor = {},
        title = {préface},
        booktitle = {Jean Gobi. Dialogue avec un fantôme,},
        publisher = {Les Belles Lettres},
        location = {Paris},
        year = 1994,
        pagetotal = {22},
        language = {français},
        keywords = {preface, preface-book-crh, crh-1994}
        }
@incollection{Schmitt5526-1996,
        author = {Schmitt, Jean-Claude},
        editor = {},
        title = {Prefàcio},
        booktitle = {A Eva barbada. Ensaios de mitologia medieval,},
        publisher = {Editora da Universidade de Sao Paulo},
        location = {Sao Paulo},
        year = 1996,
        pagetotal = {5},
        language = {portugais},
        keywords = {preface, preface-book-crh, crh-1996}
        }
@incollection{Sigaut5577-1995,
        author = {Sigaut, François},
        editor = {G. Raepsaet and C. Rommelaere},
        title = {Préface},
        booktitle = {Brancards et transport attelé entre Seine et Rhin de l'Antiquité au Moyen Age},
        publisher = {},
        location = {Treignes (Belgique)},
        year = 1995,
        pagetotal = {5},
        language = {français},
        keywords = {preface, preface-book-crh, crh-1995}
        }
@incollection{Vincent5607-1994,
        author = {Vincent, Bernard},
        editor = {F.Haddad-Chamakh and A.Baccar-Bournaz},
        title = {postface},
        booktitle = {L'écho de la prise de Grenade dans la culture européenne aux XVIe et XVIIe siècles},
        publisher = {},
        location = {Tunis},
        year = 1994,
        pagetotal = {2},
        language = {français},
        keywords = {preface, preface-book-crh, crh-1994}
        }
