@incollection{Launay1078-1970,
    author = {Launay, Michel},
    editor = {},
    title = {Analyse linguistique et analyse du contenu du 'Projet de Constitution pour la Corse' de J.-J. Rousseau},
    booktitle = {Projet de Constitution pour la Corse de J.J.Rousseau},
    publisher = {publications du Centre d'histoire de la Méditerranée},
    series = {},
    location = {Nice},
    year = 1970,
    pagetotal = {},
    language = {français},
    keywords = {art-rapport-crh, crh-1970}
    }

@incollection{Daumard1178-1976,
    author = {Daumard, Adeline},
    editor = {},
    title = {Les statistiques officielles sur les patrimoines en France aux XIXe et XXe siècles : évolution, intérêt, lacunes},
    booktitle = {Journées d'études sur l'histoire de la Statistique organisées par l'INSEE (23-25 juin 1976)},
    publisher = {},
    series = {},
    location = {},
    year = 1976,
    pagetotal = {},
    language = {français},
    keywords = {art-rapport-crh, crh-1976}
    }

@article{Courbin1300-1975,
    author = {Courbin, Paul},
    title = {Rapport sur les deux premières campagnes de fouilles à Saint-Etienne de Diors (1973-1974)},
    journal = {Gallia},
    year = 1975,
    language = {français},
    keywords = {art-rapport-crh, crh-1975}
    }

@article{Courbin1301-1978,
    author = {Courbin, Paul},
    title = {Rapport sur les 3e et 4e campagnes (1975-1976)},
    journal = {Gallia},
    year = 1978,
    language = {français},
    keywords = {art-rapport-crh, crh-1978}
    }

@incollection{Benoit1662-1988,
    author = {Benoit, Serge},
    editor = {D. Woronoff},
    title = {La consommation de combustible végétal et l'évolution des systèmes techniques},
    booktitle = {A.T.P. Histoire industrielle de la France. Forges et Forêts},
    publisher = {},
    series = {},
    location = {Paris},
    year = 1988,
    pagetotal = {80},
    language = {français},
    keywords = {art-rapport-crh, crh-1988}
    }

@incollection{Bonnain1786-1980,
    author = {Bonnain, Rolande},
    editor = {},
    title = {Le temps historique chez les forgerons},
    booktitle = {Ethnologie historique du changement},
    publisher = {},
    series = {},
    location = {},
    year = 1980,
    pagetotal = {17},
    language = {français},
    keywords = {art-rapport-crh, crh-1980}
    }

@incollection{Bonnain1788-1980,
    author = {Bonnain, Rolande},
    editor = {},
    title = {La transformation des rapports ville-campagne vue à travers l'étude du système des places marchandes des Hautes-Pyrénées},
    booktitle = {Ethnologie historique du changement},
    publisher = {},
    series = {},
    location = {},
    year = 1980,
    pagetotal = {100},
    language = {français},
    keywords = {art-rapport-crh, crh-1980}
    }

@incollection{Burguiere1801-1982,
    author = {Burguiere, André},
    editor = {},
    title = {Un peuple dans son histoire},
    booktitle = {Regards sur la France},
    publisher = {},
    series = {},
    location = {Paris},
    year = 1982,
    pagetotal = {65},
    language = {français},
    keywords = {art-rapport-crh, crh-1982}
    }

@incollection{Grinberg1886-1980,
    author = {Grinberg, Martine and J.L.Ballais and M.Gruet and E.Zadora-Rio},
    editor = {},
    title = {Analyse des sources écrites (aveux) 15e-18e siècles},
    booktitle = {Evolution de l'habitat et histoire du paysage dans le Maine-et-Loire. La commune de Marigné},
    publisher = {},
    series = {},
    location = {},
    year = 1980,
    pagetotal = {17},
    language = {français},
    keywords = {art-rapport-crh, crh-1980}
    }

@incollection{Pasquet1963-1980,
    author = {Pasquet, Yvonne},
    editor = {A.Burguière and J.Goy and J.Ozouf},
    title = {Repères et perception du changement à travers les récits de vie des ruraux},
    booktitle = {Archives orales pour l'histoire},
    publisher = {DGRST},
    series = {},
    location = {Paris},
    year = 1980,
    pagetotal = {25},
    language = {français},
    keywords = {art-rapport-crh, crh-1980}
    }

@incollection{Pasquet1964-1980,
    author = {Pasquet, Yvonne and J.Goy and P.Pezerat},
    editor = {A.Burguière and J.Goy and J.Ozouf},
    title = {Les histoires de vie: sources pour l'histoire de la guerre et de ses représentations},
    booktitle = {Archives orales pour l'histoire},
    publisher = {DGRST},
    series = {},
    location = {Paris},
    year = 1980,
    pagetotal = {16},
    language = {français},
    keywords = {art-rapport-crh, crh-1980}
    }

@incollection{Pezerat1977-1980,
    author = {Pezerat-Lebrun, Pierrette},
    editor = {A.Burguière and J.Ozouf},
    title = {Les repères du changement à travers les récits de vie d'ouvriers},
    booktitle = {Archives orales pour l'histoire},
    publisher = {DGRST},
    series = {},
    location = {Paris},
    year = 1980,
    pagetotal = {},
    language = {français},
    keywords = {art-rapport-crh, crh-1980}
    }

@incollection{Pezerat1978-1980,
    author = {Pezerat-Lebrun, Pierrette and Y.Pasquet},
    editor = {},
    title = {Les guerres dans les récits de vie},
    booktitle = {Archives orales pour l'histoire},
    publisher = {DGRST},
    series = {},
    location = {Paris},
    year = 1980,
    pagetotal = {},
    language = {français},
    keywords = {art-rapport-crh, crh-1980}
    }

@incollection{Poublan2067-1980,
    author = {Poublan, Danièle},
    editor = {A.Burguière and J.Goy and J.Ozouf},
    title = {La mobilité socio-professionnelle des ouvriers et des ouvrières d'après les récits de vie},
    booktitle = {Archives orales pour l'histoire},
    publisher = {DGRST},
    series = {},
    location = {Paris},
    year = 1980,
    pagetotal = {},
    language = {français},
    keywords = {art-rapport-crh, crh-1980}
    }

@article{Ozouf2492-1985,
    author = {Ozouf, Mona},
    title = {Peut-on enseigner l'instruction civique ?},
    journal = {Le Débat},
    year = 1985,
    language = {français},
    keywords = {art-rapport-crh, crh-1985}
    }

@article{Schnapper3571-1989,
    author = {Schnapper, Dominique},
    title = {Rapport à l'emploi, protection sociale et statuts sociaux},
    journal = {Revue Française de Sociologie},
    year = 1989,
    language = {français},
    keywords = {art-rapport-crh, crh-1989}
    }

@article{Schmitt4593-1992,
    author = {Schmitt, Jean-Claude},
    title = {Construction du lien social : Equilibres et déséquilibres des sociétés},
    journal = {Rapport de conjoncture du Comité National de la Recherche Scientifique},
    year = 1992,
    language = {français},
    keywords = {art-rapport-crh, crh-1992}
    }

@incollection{Lepetit5323-1994,
    author = {Lepetit, Bernard},
    editor = {},
    title = {Ségrégations urbaines : approches et formes spatiales. Considérations impertinentes},
    booktitle = {Réalités, évolutions et représentations des ségrégations urbaines en France de la fin de l'Ancien Régime aux années 1960},
    publisher = {ENS de Fontenay-Saint-Cloud, Centre d'histoire urbaine},
    series = {},
    location = {Paris},
    year = 1994,
    pagetotal = {},
    language = {français},
    keywords = {art-rapport-crh, crh-1994}
    }

