@book{Bergeron891-1972,
    author = {Bergeron, Louis},
    title = {Le Monde et Son Histoire. Les Révolutions Européennes et le Partage du Monde. 1815-1914.},
    publisher = {Bordas et Laffont},
    series = {},
    location = {Paris},
    year = 1972,
    pagetotal = {},
    language = {français},
    keywords = {book-crh, crh-1972}
    }

@book{Flandrin896-1966,
    author = {Flandrin, Maria},
    title = {La Pologne du XVIIIe siècle},
    publisher = {Calmann-Lévy},
    series = {},
    location = {Paris},
    year = 1966,
    pagetotal = {},
    language = {français},
    keywords = {book-crh, crh-1966}
    }

@book{Klapisch965-1969,
    author = {Klapisch-Zuber, Christiane},
    title = {Les maîtres du marbre. Carrare, 1300-1600},
    publisher = {S.E.V.P.E.N.},
    series = {},
    location = {Paris},
    year = 1969,
    pagetotal = {},
    language = {français},
    keywords = {book-crh, crh-1969}
    }

@book{Schnapper990-1969,
    author = {Schnapper, Dominique},
    title = {Les Agents du système administratif},
    publisher = {Mouton},
    series = {},
    location = {Paris-La-Haye},
    year = 1969,
    pagetotal = {},
    language = {français},
    keywords = {book-crh, crh-1969}
    }

@book{Schnapper991-1972,
    author = {Schnapper, Dominique},
    title = {Le Système administratif},
    publisher = {Mouton},
    series = {},
    location = {Paris-La-Haye},
    year = 1972,
    pagetotal = {},
    language = {français},
    keywords = {book-crh, crh-1972}
    }

@book{Schnapper994-1971,
    author = {Schnapper, Dominique},
    title = {L'Italie Rouge et Noire, essai sur les modèles culturels de la vie quotidienne à Bologne},
    publisher = {Gallimard},
    series = {},
    location = {Paris},
    year = 1971,
    pagetotal = {},
    language = {français},
    keywords = {book-crh, crh-1971}
    }

@book{Schnapper995-1974,
    author = {Schnapper, Dominique},
    title = {Sociologie de l'Italie},
    publisher = {PUF},
    series = {},
    location = {Paris},
    year = 1974,
    pagetotal = {},
    language = {français},
    keywords = {book-crh, crh-1974}
    }

@book{Valensi996-1984,
    author = {Valensi, Lucette and A.-L. Udovitch},
    title = {The Last Arab Jews, The Communities of Jerba, Tunisia},
    publisher = {Harwood Academic Publishers},
    series = {},
    location = {New-York},
    year = 1984,
    pagetotal = {},
    language = {anglais},
    keywords = {book-crh, crh-1984}
    }

@book{Costabel998-1967,
    author = {Costabel, P},
    title = {Oeuvres de Malebranche (1689-1706)},
    publisher = {},
    series = {},
    location = {},
    year = 1967,
    pagetotal = {},
    language = {français},
    keywords = {book-crh, crh-1967}
    }

@book{LeRoyLadurie1013-1966,
    author = {Le Roy Ladurie, Emmanuel},
    title = {Les Paysans de Languedoc},
    publisher = {S.E.V.P.E.N.},
    series = {},
    location = {Paris},
    year = 1966,
    pagetotal = {},
    language = {français},
    keywords = {book-crh, crh-1966}
    }

@book{LeRoyLadurie1014-1966,
    author = {Le Roy Ladurie, Emmanuel},
    title = {Histoire du Languedoc},
    publisher = {},
    series = {Collection Que Sais-je ?},
    location = {Paris},
    year = 1966,
    pagetotal = {},
    language = {français},
    keywords = {book-crh, crh-1966}
    }

@book{LeRoyLadurie1015-1967,
    author = {Le Roy Ladurie, Emmanuel},
    title = {Histoire du Climat depuis l'An mil},
    publisher = {Flammarion},
    series = {},
    location = {Paris},
    year = 1967,
    pagetotal = {},
    language = {français},
    keywords = {book-crh, crh-1967}
    }

@book{Taton1020-1966,
    author = {Taton, },
    title = {L'Histoire générale des Sciences},
    publisher = {},
    series = {},
    location = {},
    year = 1966,
    pagetotal = {},
    language = {français},
    keywords = {book-crh, crh-1966}
    }

@book{Bolleme1023-1969,
    author = {Bolleme, Geneviève},
    title = {Les almanachs populaires au XVIIe et au XVIIIe siècles},
    publisher = {Mouton},
    series = {},
    location = {Paris},
    year = 1969,
    pagetotal = {},
    language = {français},
    keywords = {book-crh, crh-1969}
    }

@book{Arbellot1045-1970,
    author = {Arbellot, Guy},
    title = {La cartographie statistique automatique appliquée à l'histoire. Une expérience sur 332 villes et villages de Haute Champagne aux XVIIe et XVIIIe siècles},
    publisher = {S.E.V.P.E.N.},
    series = {},
    location = {Paris},
    year = 1970,
    pagetotal = {},
    language = {français},
    keywords = {book-crh, crh-1970}
    }

@book{Chaussinand1051-1970,
    author = {Chaussinand-Nogaret, Guy},
    title = {Les financiers de Languedoc au XVIIIe siècle},
    publisher = {},
    series = {},
    location = {Paris},
    year = 1970,
    pagetotal = {},
    language = {français},
    keywords = {book-crh, crh-1970}
    }

@book{Daumas1057-1971,
    author = {Daumas, M},
    title = {Documents pour l'histoire des techniques},
    publisher = {Centre de Documentation d'Histoire des Techniques},
    series = {},
    location = {Paris},
    year = 1971,
    pagetotal = {},
    language = {français},
    keywords = {book-crh, crh-1971}
    }

@book{Dupront1061-1970,
    author = {Dupront, Alphonse},
    title = {Unité des chrétiens et unité de l'Europe dans la période moderne},
    publisher = {},
    series = {},
    location = {Moscou},
    year = 1970,
    pagetotal = {},
    language = {français},
    keywords = {book-crh, crh-1970}
    }

@book{Dupront1062-1970,
    author = {Dupront, Alphonse},
    title = {Langage et Histoire},
    publisher = {},
    series = {},
    location = {Moscou},
    year = 1970,
    pagetotal = {},
    language = {français},
    keywords = {book-crh, crh-1970}
    }

@book{Hemardinquer1076-1971,
    author = {Hemardinquer, Jean-Jacques and W. RANDLES and J.BERTIN and  M.KEUL},
    title = {Inventaire géographique et chronologique pour un atlas d'histoire mondiale. I : Les cultures vivrières},
    publisher = {Mouton},
    series = {},
    location = {Paris},
    year = 1971,
    pagetotal = {},
    language = {français},
    keywords = {book-crh, crh-1971}
    }

@book{Pesez1088-1970,
    author = {Pesez, Jean-Marie},
    title = {Archéologie du village déserté},
    publisher = {Cahiers des Annales n° 27},
    series = {},
    location = {Paris},
    year = 1970,
    pagetotal = {},
    language = {français},
    keywords = {book-crh, crh-1970}
    }

@book{Piponnier1090-1971,
    author = {Piponnier, Françoise},
    title = {Costume et vie sociale : la Cour d'Anjou au XIVe-XVe siècles},
    publisher = {Mouton},
    series = {},
    location = {Paris},
    year = 1971,
    pagetotal = {},
    language = {français},
    keywords = {book-crh, crh-1971}
    }

@book{Randles1092-1971,
    author = {Randles, William and J.BERTIN and J.-J. HEMARDINQUER and M.KEUL},
    title = {Inventaire géographique et chronologique pour un atlas d'histoire mondiale. I : Les cultures vivrières},
    publisher = {Mouton},
    series = {},
    location = {Paris},
    year = 1971,
    pagetotal = {},
    language = {français},
    keywords = {book-crh, crh-1971}
    }

@book{Detienne1114-1971,
    author = {Detienne, Marcel},
    title = {Les Jardins d'Adonis : la mythologie des aromates en Grèce},
    publisher = {Gallimard},
    series = {( Bibliothèque des Histoires)},
    location = {Paris},
    year = 1971,
    pagetotal = {},
    language = {français},
    keywords = {book-crh, crh-1971}
    }

@book{Vernant1137-1972,
    author = {Vernant, Jean-Pierre and P. Vidal-Naquet.},
    title = {Mythe et Tragédie en Grèce ancienne},
    publisher = {Maspero},
    series = {},
    location = {Paris},
    year = 1972,
    pagetotal = {},
    language = {français},
    keywords = {book-crh, crh-1972}
    }

@book{Vidal-Naquet1141-1972,
    author = {Vidal-Naquet, Pierre and J.-P. Vernant.},
    title = {Mythe et Tragédie en Grèce Ancienne},
    publisher = {Maspero(Collection Textes à l'appui - Série classique)},
    series = {},
    location = {Paris},
    year = 1972,
    pagetotal = {},
    language = {français},
    keywords = {book-crh, crh-1972}
    }

@book{Vidal-Naquet1142-1972,
    author = {Vidal-Naquet, Pierre and M. Austin},
    title = {Economie et Société en Grèce Ancienne},
    publisher = {Armand Colin (Collection U2)},
    series = {},
    location = {Paris},
    year = 1972,
    pagetotal = {},
    language = {français},
    keywords = {book-crh, crh-1972}
    }

@book{Burguiere1161-1975,
    author = {Burguiere, André},
    title = {Bretons de Plozevet},
    publisher = {Flammarion},
    series = {},
    location = {Paris},
    year = 1975,
    pagetotal = {},
    language = {français},
    keywords = {book-crh, crh-1975}
    }

@book{Chartier1164-1976,
    author = {Chartier, Roger and D. Julia and M.-M. Compère},
    title = {L'éducation en France du XVIe au XVIIIe siècles},
    publisher = {S.E.D.E.S.},
    series = {},
    location = {Paris},
    year = 1976,
    pagetotal = {},
    language = {français},
    keywords = {book-crh, crh-1976}
    }

@book{Chaussinand1169-1975,
    author = {Chaussinand, Guy},
    title = {Une histoire des élites},
    publisher = {Mouton},
    series = {},
    location = {Paris},
    year = 1975,
    pagetotal = {},
    language = {français},
    keywords = {book-crh, crh-1975}
    }

@book{Chaussinand1170-1976,
    author = {Chaussinand, Guy},
    title = {La noblesse au XVIIIe siècle},
    publisher = {},
    series = {},
    location = {Hachette},
    year = 1976,
    pagetotal = {},
    language = {français},
    keywords = {book-crh, crh-1976}
    }

@book{Courbin1173-1976,
    author = {Courbin, Paul},
    title = {Guide de Ras el Bassit},
    publisher = {},
    series = {},
    location = {},
    year = 1976,
    pagetotal = {},
    language = {français},
    keywords = {book-crh, crh-1976}
    }

@book{Furet1185-1974,
    author = {Furet, François},
    title = {La Révolution française},
    publisher = {Edition Italienne Laterza},
    series = {},
    location = {Bari},
    year = 1974,
    pagetotal = {},
    language = {français},
    keywords = {book-crh, crh-1974}
    }

@book{Goubert1190-1974,
    author = {Goubert, Jean-Pierre},
    title = {Malades et médecins en Bretagne, 1770-1790},
    publisher = {},
    series = {},
    location = {Paris},
    year = 1974,
    pagetotal = {},
    language = {français},
    keywords = {book-crh, crh-1974}
    }

@book{Guillou1198-1974,
    author = {Guillou, André},
    title = {Le brébion de la métropole bysantine de Région (vers 1050) (Corpus...4)},
    publisher = {},
    series = {},
    location = {Cité du Vatican},
    year = 1974,
    pagetotal = {271},
    language = {français},
    keywords = {book-crh, crh-1974}
    }

@book{LeGoff1209-1976,
    author = {Le Goff, Jacques},
    title = {Mercanti e banchieri nel Medioevo},
    publisher = {Ed. G. d'Anna-Messina},
    series = {},
    location = {Florence},
    year = 1976,
    pagetotal = {},
    language = {italien},
    keywords = {book-crh, crh-1976}
    }

@book{LeRoyLadurie1213-1974,
    author = {Le Roy Ladurie, Emmanuel},
    title = {Le territoire de l'historien, t.I},
    publisher = {Gallimard},
    series = {},
    location = {Paris},
    year = 1974,
    pagetotal = {},
    language = {français},
    keywords = {book-crh, crh-1974}
    }

@book{LeRoyLadurie1217-1975,
    author = {Le Roy Ladurie, Emmanuel},
    title = {Montaillou, village occitan},
    publisher = {Gallimard},
    series = {},
    location = {Paris},
    year = 1975,
    pagetotal = {},
    language = {français},
    keywords = {book-crh, crh-1975}
    }

@book{Randles1233-1975,
    author = {Randles, William},
    title = {L'empire du Monomotapa du XVe au XIXe siècles},
    publisher = {Mouton},
    series = {},
    location = {Paris-La-Haye},
    year = 1975,
    pagetotal = {},
    language = {français},
    keywords = {book-crh, crh-1975}
    }

@book{Richet1238-1974,
    author = {Richet, Denis},
    title = {La France moderne : l'esprit des institutions},
    publisher = {Flammarion},
    series = {},
    location = {Paris},
    year = 1974,
    pagetotal = {},
    language = {français},
    keywords = {book-crh, crh-1974}
    }

@book{Courbin1302-1974,
    author = {Courbin, Paul},
    title = {Tombes géométriques d'Argos},
    publisher = {Librairie Vrin},
    series = {},
    location = {Paris},
    year = 1974,
    pagetotal = {},
    language = {français},
    keywords = {book-crh, crh-1974}
    }

@book{Couturier1307-1976,
    author = {Couturier, Marcel},
    title = {Histoire du Collège de Chartres},
    publisher = {},
    series = {},
    location = {Chartres},
    year = 1976,
    pagetotal = {},
    language = {français},
    keywords = {book-crh, crh-1976}
    }

@book{Demonet1314-1975,
    author = {Demonet, Michel and A. Geoffroy and al.},
    title = {Des tracts en mai 1968},
    publisher = {},
    series = {},
    location = {Paris},
    year = 1975,
    pagetotal = {},
    language = {français},
    keywords = {book-crh, crh-1975}
    }

@book{Farge1320-1974,
    author = {Farge, Arlette},
    title = {Le vol d'aliments à Paris au XVIIIe siècle},
    publisher = {},
    series = {},
    location = {Paris},
    year = 1974,
    pagetotal = {},
    language = {français},
    keywords = {book-crh, crh-1974}
    }

@book{Furet1326-1977,
    author = {Furet, François and J. Ozouf},
    title = {Lire et écrire. L'alphabétisation des Français de Calvin à Jules Ferry},
    publisher = {Minuit},
    series = {},
    location = {Paris},
    year = 1977,
    pagetotal = {},
    language = {français},
    keywords = {book-crh, crh-1977}
    }

@book{Guillou1335-1974,
    author = {Guillou, André},
    title = {La civilisation byzantine},
    publisher = {},
    series = {},
    location = {Paris},
    year = 1974,
    pagetotal = {},
    language = {français},
    keywords = {book-crh, crh-1974}
    }

@book{Guillou1346-1976,
    author = {Guillou, André},
    title = {Aspetti della Civiltà bizantina in Italia},
    publisher = {},
    series = {},
    location = {Bari},
    year = 1976,
    pagetotal = {},
    language = {italien},
    keywords = {book-crh, crh-1976}
    }

@book{Jeannin1361-1977,
    author = {Jeannin, Pierre},
    title = {Gekräuselt, gepudert, mit untadeliger Anmut. Hamburg und die französische Revolution},
    publisher = {},
    series = {},
    location = {Hambourg},
    year = 1977,
    pagetotal = {},
    language = {allemand},
    keywords = {book-crh, crh-1977}
    }

@book{Julia1367-1975,
    author = {Julia, Dominique and J. Revel and M. de Certeau},
    title = {Une politique de la langue. La Révolution française et les patois: l'enquête de Grégoire},
    publisher = {Gallimard},
    series = {},
    location = {Paris},
    year = 1975,
    pagetotal = {},
    language = {français},
    keywords = {book-crh, crh-1975}
    }

@book{Julia1369-1975,
    author = {Julia, Dominique and W. Frijhoff},
    title = {Ecole et société dans la France d'Ancien Régime. Quatre exemples : Auch, Avallon, Condom et Gisors},
    publisher = {Armand Colin},
    series = {},
    location = {Paris},
    year = 1975,
    pagetotal = {},
    language = {français},
    keywords = {book-crh, crh-1975}
    }

@book{LeRoyLadurie1395-1978,
    author = {Le Roy Ladurie, Emmanuel},
    title = {Le territoire de l'historien t.II},
    publisher = {},
    series = {},
    location = {Paris},
    year = 1978,
    pagetotal = {},
    language = {français},
    keywords = {book-crh, crh-1978}
    }

@book{Ozouf1400-1977,
    author = {Ozouf, Jacques and F. Furet},
    title = {Lire et écrire. L'alphabétisation des français de Calvin à Jules Ferry},
    publisher = {Minuit},
    series = {},
    location = {Paris},
    year = 1977,
    pagetotal = {},
    language = {français},
    keywords = {book-crh, crh-1977}
    }

@book{Schmitt1437-1978,
    author = {Schmitt, Jean-Claude},
    title = {Saint et chien, Guinefort guérisseur d'enfants depuis le XIIIe siècle},
    publisher = {},
    series = {},
    location = {Paris},
    year = 1978,
    pagetotal = {},
    language = {français},
    keywords = {book-crh, crh-1978}
    }

@book{Schmitt1438-1978,
    author = {Schmitt, Jean-Claude and J. Le Goff},
    title = {L'exemplum, Typologie des Sources Médiévales},
    publisher = {},
    series = {},
    location = {Louvain},
    year = 1978,
    pagetotal = {},
    language = {français},
    keywords = {book-crh, crh-1978}
    }

@book{Vincent1465-1978,
    author = {Vincent, Bernard and A. D. Ortiz},
    title = {Historia de los M---- Vida y tragedia de una minoria},
    publisher = {},
    series = {},
    location = {Madrid},
    year = 1978,
    pagetotal = {},
    language = {espagnol},
    keywords = {book-crh, crh-1978}
    }

@book{Chaussinand1489-1979,
    author = {Chaussinand-Nogaret, Guy},
    title = {La vie quotidienne des Français sous Louis XV},
    publisher = {Hachette},
    series = {},
    location = {Paris},
    year = 1979,
    pagetotal = {},
    language = {français},
    keywords = {book-crh, crh-1979}
    }

@book{Chaussinand1490-1979,
    author = {Chaussinand-Nogaret, Guy and L.Bergeron},
    title = {Les masses de granit. Cent mille notables du Premier Empire},
    publisher = {EHESS},
    series = {},
    location = {Paris},
    year = 1979,
    pagetotal = {},
    language = {français},
    keywords = {book-crh, crh-1979}
    }

@book{Daumard1501-1978,
    author = {Daumard, Adeline},
    title = {Cinco Aulas de Historia Social},
    publisher = {},
    series = {},
    location = {Brésil},
    year = 1978,
    pagetotal = {126},
    language = {portugais},
    keywords = {book-crh, crh-1978}
    }

@book{Aries1518-1980,
    author = {Aries, Philippe},
    title = {Un historien du dimanche},
    publisher = {Seuil},
    series = {},
    location = {Paris},
    year = 1980,
    pagetotal = {},
    language = {français},
    keywords = {book-crh, crh-1980}
    }

@book{Aron1521-1978,
    author = {Aron, Jean-Paul and R.Kempf},
    title = {Le pénis et la démoralisation de l'occident},
    publisher = {Grasset},
    series = {},
    location = {Paris},
    year = 1978,
    pagetotal = {306},
    language = {français},
    keywords = {book-crh, crh-1978}
    }

@book{Bergeron1534-1978,
    author = {Bergeron, Louis},
    title = {Les capitalistes en France, 1780-1914},
    publisher = {Gallimard-Julliard},
    series = {Archives},
    location = {Paris},
    year = 1978,
    pagetotal = {},
    language = {français},
    keywords = {book-crh, crh-1978}
    }

@book{Bergeron1535-1978,
    author = {Bergeron, Louis},
    title = {Banquiers, négociants et manufacturiers parisiens du Directoire à l'Empire},
    publisher = {Mouton},
    series = {},
    location = {Paris-La Haye},
    year = 1978,
    pagetotal = {},
    language = {français},
    keywords = {book-crh, crh-1978}
    }

@book{Bergeron1540-1979,
    author = {Bergeron, Louis},
    title = {L'industrialisation de la France},
    publisher = {Hatier},
    series = {Profils-Dossiers},
    location = {Paris},
    year = 1979,
    pagetotal = {},
    language = {français},
    keywords = {book-crh, crh-1979}
    }

@book{Bergeron1541-1979,
    author = {Bergeron, Louis and G.Chaussinand},
    title = {Les masses de granit. Cent mille notables du premier Empire},
    publisher = {EHESS},
    series = {},
    location = {Paris},
    year = 1979,
    pagetotal = {},
    language = {français},
    keywords = {book-crh, crh-1979}
    }

@book{Gauchet1564-1980,
    author = {Gauchet, Marcel and G.Swain},
    title = {La pratique de l'esprit humain. L'institution asilaire et la révolution démocratique},
    publisher = {Gallimard},
    series = {Bibliothèque des Sciences humaines},
    location = {Paris},
    year = 1980,
    pagetotal = {519},
    language = {français},
    keywords = {book-crh, crh-1980}
    }

@book{Guillou1580-1979,
    author = {Guillou, André},
    title = {Culture et société en Italie byzantine (6e-11e siècles)},
    publisher = {},
    series = {},
    location = {Londres},
    year = 1979,
    pagetotal = {336},
    language = {français},
    keywords = {book-crh, crh-1979}
    }

@book{Guillou1581-1979,
    author = {Guillou, André},
    title = {Actes de Lavra, III (1329-1500)},
    publisher = {},
    series = {},
    location = {Paris},
    year = 1979,
    pagetotal = {230},
    language = {français},
    keywords = {book-crh, crh-1979}
    }

@book{Julliard1600-1979,
    author = {Julliard, Jacques and J.N.Jeanneney},
    title = {"Le monde" de Beuve-Méry ou le métier l'Alceste},
    publisher = {Seuil},
    series = {},
    location = {Paris},
    year = 1979,
    pagetotal = {394},
    language = {français},
    keywords = {book-crh, crh-1979}
    }

@book{Klapisch1605-1978,
    author = {Klapisch-Zuber, Christiane and D.Herlihy},
    title = {Les Toscans et leurs familles. Une étude du catasto florentin de 1427},
    publisher = {FNSP-EHESS},
    series = {},
    location = {Paris},
    year = 1978,
    pagetotal = {703},
    language = {français},
    keywords = {book-crh, crh-1978}
    }

@book{LeGoff1616-1978,
    author = {Le Goff, Jacques},
    title = {Pour un autre moyen âge. Temps, travail et culture en Occident: 18 essais},
    publisher = {Gallimard},
    series = {},
    location = {Paris},
    year = 1978,
    pagetotal = {422},
    language = {français},
    keywords = {book-crh, crh-1978}
    }

@book{Dupaquier1637-1979,
    author = {Dupaquier, Jacques},
    title = {La population française aux 17e et 18e siècles},
    publisher = {PUF},
    series = {Que sais-je?},
    location = {Paris},
    year = 1979,
    pagetotal = {},
    language = {français},
    keywords = {book-crh, crh-1979}
    }

@book{Farge1642-1979,
    author = {Farge, Arlette},
    title = {Vivre dans la rue à Paris au 18e siècle},
    publisher = {Gallimard-Julliard},
    series = {Archives},
    location = {Paris},
    year = 1979,
    pagetotal = {},
    language = {français},
    keywords = {book-crh, crh-1979}
    }

@book{Ozouf1659-1979,
    author = {Ozouf, Mona},
    title = {La classe ininterrompue},
    publisher = {Hachette},
    series = {Hachette-littérature},
    location = {Paris},
    year = 1979,
    pagetotal = {},
    language = {français},
    keywords = {book-crh, crh-1979}
    }

@book{Pomian1671-1978,
    author = {Pomian, Krzysztof and P.Kende},
    title = {1956. Varsovie-Budapest. La deuxième révolution d'Octobre},
    publisher = {Seuil},
    series = {},
    location = {Paris},
    year = 1978,
    pagetotal = {263},
    language = {français},
    keywords = {book-crh, crh-1978}
    }

@book{Randles1691-1980,
    author = {Randles, William},
    title = {De la terre plate au globe terrestre. Une mutation épistémiologique rapide, 1480-1520},
    publisher = {Colin},
    series = {cahiers des Annales},
    location = {Paris},
    year = 1980,
    pagetotal = {},
    language = {français},
    keywords = {book-crh, crh-1980}
    }

@book{Schmitt1697-1978,
    author = {Schmitt, Jean-Claude},
    title = {Mort d'une hérésie. L'Eglise et les clercs face aux béguines et aux bégards du Rhin supérieur du 14e au 15e siècle},
    publisher = {Mouton-EHESS},
    series = {},
    location = {Paris-La Haye-New York},
    year = 1978,
    pagetotal = {264},
    language = {français},
    keywords = {book-crh, crh-1978}
    }

@book{Schmitt1698-1979,
    author = {Schmitt, Jean-Claude},
    title = {Le Saint Lévrier. Guinefort guérisseur d'enfants depuis le 13e siècle},
    publisher = {Flammarion},
    series = {bibl.ethnologie historique},
    location = {Paris},
    year = 1979,
    pagetotal = {278},
    language = {français},
    keywords = {book-crh, crh-1979}
    }

@book{Schnapper1706-1980,
    author = {Schnapper, Dominique},
    title = {Juifs et Israélites},
    publisher = {Gallimard},
    series = {Idées},
    location = {Paris},
    year = 1980,
    pagetotal = {280},
    language = {français},
    keywords = {book-crh, crh-1980}
    }

@book{Sigaut1713-1978,
    author = {Sigaut, François},
    title = {Les réserves de grains à long terme},
    publisher = {MSH-Université},
    series = {},
    location = {Paris-Lille},
    year = 1978,
    pagetotal = {202},
    language = {français},
    keywords = {book-crh, crh-1978}
    }

@book{Tenenti1720-1978,
    author = {Tenenti, Alberto},
    title = {Credenze, ideologie, libertinismi tra Medioevo ed Eta moderna},
    publisher = {},
    series = {},
    location = {Bologne},
    year = 1978,
    pagetotal = {},
    language = {italien},
    keywords = {book-crh, crh-1978}
    }

@book{Delille1746-1978,
    author = {Delille, Gérard},
    title = {Agricoltura e demografia nel regno di Napoli nei secoli XVIII e XIX},
    publisher = {},
    series = {},
    location = {Naples},
    year = 1978,
    pagetotal = {179},
    language = {italien},
    keywords = {book-crh, crh-1978}
    }

@book{Furet1751-1978,
    author = {Furet, François},
    title = {Penser la Révolution française},
    publisher = {Gallimard},
    series = {},
    location = {Paris},
    year = 1978,
    pagetotal = {},
    language = {français},
    keywords = {book-crh, crh-1978}
    }

@book{Bonnain1792-1982,
    author = {Bonnain, Rolande},
    title = {Les Baronnies des Pyrénées: maison, mode de vie et société},
    publisher = {EHESS},
    series = {},
    location = {Paris},
    year = 1982,
    pagetotal = {220},
    language = {français},
    keywords = {book-crh, crh-1982}
    }

@book{Chartier1811-1982,
    author = {Chartier, Roger},
    title = {Figures de la gueuserie},
    publisher = {Montalba},
    series = {},
    location = {Paris},
    year = 1982,
    pagetotal = {},
    language = {français},
    keywords = {book-crh, crh-1982}
    }

@book{Chaussinand1817-1982,
    author = {Chaussinand-Nogaret, Guy},
    title = {Mirabeau},
    publisher = {Seuil},
    series = {},
    location = {Paris},
    year = 1982,
    pagetotal = {300},
    language = {français},
    keywords = {book-crh, crh-1982}
    }

@book{Courbin1832-1980,
    author = {Courbin, Paul},
    title = {L'oikos des Naxiens},
    publisher = {de Boccard},
    series = {},
    location = {Paris},
    year = 1980,
    pagetotal = {155},
    language = {français},
    keywords = {book-crh, crh-1980}
    }

@book{Courbin1833-1982,
    author = {Courbin, Paul},
    title = {Qu'est-ce que l'archéologie?},
    publisher = {Payot},
    series = {},
    location = {Paris},
    year = 1982,
    pagetotal = {240},
    language = {français},
    keywords = {book-crh, crh-1982}
    }

@book{Dupaquier1842-1981,
    author = {Dupaquier, Jacques and J.N.Biraben},
    title = {Les berceaux vides de Marianne. L'avenir de la population française},
    publisher = {Seuil},
    series = {},
    location = {Paris},
    year = 1981,
    pagetotal = {176},
    language = {français},
    keywords = {book-crh, crh-1981}
    }

@book{Farge1850-1982,
    author = {Farge, Arlette},
    title = {Le miroir des femmes},
    publisher = {Montalba},
    series = {},
    location = {Paris},
    year = 1982,
    pagetotal = {395},
    language = {français},
    keywords = {book-crh, crh-1982}
    }

@book{Ferro1856-1980,
    author = {Ferro, Marc},
    title = {Des Soviets au communisme bureaucratique},
    publisher = {Gallimard},
    series = {Archives},
    location = {Paris},
    year = 1980,
    pagetotal = {260},
    language = {français},
    keywords = {book-crh, crh-1980}
    }

@book{Ferro1857-1980,
    author = {Ferro, Marc},
    title = {L'occident devant la révolution soviétique 1917-1980: l'histoire de ses mythes},
    publisher = {Complexe},
    series = {},
    location = {Bruxelles},
    year = 1980,
    pagetotal = {152},
    language = {français},
    keywords = {book-crh, crh-1980}
    }

@book{Ferro1858-1981,
    author = {Ferro, Marc},
    title = {Comment on raconte l'histoire aux enfants à travers le monde entier},
    publisher = {Payot},
    series = {},
    location = {Paris},
    year = 1981,
    pagetotal = {330},
    language = {français},
    keywords = {book-crh, crh-1981}
    }

@book{Ferro1860-1980,
    author = {Ferro, Marc},
    title = {Cine e Historia},
    publisher = {Gili},
    series = {},
    location = {Barcelone},
    year = 1980,
    pagetotal = {174},
    language = {espagnol},
    keywords = {book-crh, crh-1980}
    }

@book{Fridenson1861-1982,
    author = {Fridenson, Patrick and J.P.Bardou and J.J.Chanaron and J.Laux},
    title = {The automobile revolution. The impact of an industry},
    publisher = {University Press},
    series = {},
    location = {North Carolina},
    year = 1982,
    pagetotal = {335},
    language = {anglais},
    keywords = {book-crh, crh-1982}
    }

@book{Froeschle1868-1980,
    author = {Froeschle-Chopard, Marie-Hélène},
    title = {La religion populaire en Provence orientale au 18e siècle},
    publisher = {Beauchesne},
    series = {},
    location = {Paris},
    year = 1980,
    pagetotal = {418},
    language = {français},
    keywords = {book-crh, crh-1980}
    }

@book{Guillou1888-1980,
    author = {Guillou, André and Delogu and G.Ortalli},
    title = {Longobardi e Bizantini},
    publisher = {U.T.E.T.},
    series = {},
    location = {Turin},
    year = 1980,
    pagetotal = {450},
    language = {italien},
    keywords = {book-crh, crh-1980}
    }

@book{Guillou1890-1981,
    author = {Guillou, André and Marsani and F.Burgarella},
    title = {L'impero bizantino, l'Islamo e l'impero ottomano},
    publisher = {},
    series = {},
    location = {},
    year = 1981,
    pagetotal = {480},
    language = {italien},
    keywords = {book-crh, crh-1981}
    }

@book{Guillou1891-1980,
    author = {Guillou, André and P.Belli d'Elia and M.St.Calo Mariani and Fonesca and Pace},
    title = {La Puglia fra Bizanzio e l'Occidente},
    publisher = {Electra},
    series = {},
    location = {Milan},
    year = 1980,
    pagetotal = {430},
    language = {italien},
    keywords = {book-crh, crh-1980}
    }

@book{Guillou1892-1981,
    author = {Guillou, André and Beck and Belting and Mavromatis and Pertusi and Sevcenko and Svoronos},
    title = {La civilta bizantina dal XII al XV secolo},
    publisher = {},
    series = {},
    location = {Rome},
    year = 1981,
    pagetotal = {},
    language = {italien},
    keywords = {book-crh, crh-1981}
    }

@book{Jeannin1903-1981,
    author = {Jeannin, Pierre and R.Boyer and M.Gravier},
    title = {Baltique et Mer du Nord. L'héritage culturel de l'Europe du Nord},
    publisher = {Arts et métiers},
    series = {},
    location = {Paris},
    year = 1981,
    pagetotal = {},
    language = {français},
    keywords = {book-crh, crh-1981}
    }

@book{Julia1915-1981,
    author = {Julia, Dominique},
    title = {Les trois couleurs du tableau noir. La Révolution},
    publisher = {Belin},
    series = {},
    location = {Paris},
    year = 1981,
    pagetotal = {394},
    language = {français},
    keywords = {book-crh, crh-1981}
    }

@book{LeGoff1933-1981,
    author = {Le Goff, Jacques},
    title = {La naissance du purgatoire},
    publisher = {Gallimard},
    series = {},
    location = {Paris},
    year = 1981,
    pagetotal = {},
    language = {français},
    keywords = {book-crh, crh-1981}
    }

@book{LeGoff1935-1982,
    author = {Le Goff, Jacques},
    title = {Intervista sulla storia},
    publisher = {Laterza},
    series = {},
    location = {Bari},
    year = 1982,
    pagetotal = {},
    language = {italien},
    keywords = {book-crh, crh-1982}
    }

@book{Parent1961-1981,
    author = {Parent-Lardeur, Françoise},
    title = {Lire au temps de Balzac},
    publisher = {EHESS},
    series = {},
    location = {Paris},
    year = 1981,
    pagetotal = {222},
    language = {français},
    keywords = {book-crh, crh-1981}
    }

@book{Parent1962-1982,
    author = {Parent-Lardeur, Françoise},
    title = {Les cabinets de lecture. La lecture publique à Paris sous la Restauration},
    publisher = {Payot},
    series = {},
    location = {Paris},
    year = 1982,
    pagetotal = {201},
    language = {français},
    keywords = {book-crh, crh-1982}
    }

@book{Pomian1989-1980,
    author = {Pomian, Krzysztof},
    title = {Les différentes conceptions de la connaissance de la nature},
    publisher = {CNRS},
    series = {},
    location = {Paris},
    year = 1980,
    pagetotal = {},
    language = {français},
    keywords = {book-crh, crh-1980}
    }

@book{Pomian1998-1982,
    author = {Pomian, Krzysztof},
    title = {Pologne: défi à l'impossible? De la révolte de Poznan à Solidarité},
    publisher = {éd. ouvrières},
    series = {},
    location = {Paris},
    year = 1982,
    pagetotal = {239},
    language = {français},
    keywords = {book-crh, crh-1982}
    }

@book{Reberioux2008-1982,
    author = {Reberioux, Madeleine},
    title = {Histoire du mouvement ouvrier},
    publisher = {Taca Book},
    series = {},
    location = {Milan},
    year = 1982,
    pagetotal = {},
    language = {français},
    keywords = {book-crh, crh-1982}
    }

@book{Reberioux2010-1982,
    author = {Reberioux, Madeleine},
    title = {Les femmes dans une société d'inégalité},
    publisher = {documentation fr.},
    series = {},
    location = {Paris},
    year = 1982,
    pagetotal = {},
    language = {français},
    keywords = {book-crh, crh-1982}
    }

@book{Reberioux2011-1981,
    author = {Reberioux, Madeleine},
    title = {les ouvriers du livre et leur fédération},
    publisher = {Temps actuels},
    series = {},
    location = {Paris},
    year = 1981,
    pagetotal = {},
    language = {français},
    keywords = {book-crh, crh-1981}
    }

@book{Schnapper2024-1980,
    author = {Schnapper, Dominique and D.Hanet and al.},
    title = {Histoire orale ou archives orales?},
    publisher = {Ass. pour l'étude de l' hist.de la Sécurité soc.l},
    series = {},
    location = {Paris},
    year = 1980,
    pagetotal = {114},
    language = {français},
    keywords = {book-crh, crh-1980}
    }

@book{Schnapper2025-1981,
    author = {Schnapper, Dominique},
    title = {L'épreuve du chômage},
    publisher = {Gallimard},
    series = {},
    location = {Paris},
    year = 1981,
    pagetotal = {222},
    language = {français},
    keywords = {book-crh, crh-1981}
    }

@book{Tenenti2034-1980,
    author = {Tenenti, Alberto},
    title = {I Rinascimenti},
    publisher = {},
    series = {},
    location = {Florence},
    year = 1980,
    pagetotal = {128},
    language = {italien},
    keywords = {book-crh, crh-1980}
    }

@book{Chapelot2053-1980,
    author = {Chapelot, Jean and R.Fossier},
    title = {Le village et la maison au moyen âge},
    publisher = {Hachette},
    series = {},
    location = {Paris},
    year = 1980,
    pagetotal = {364},
    language = {français},
    keywords = {book-crh, crh-1980}
    }

@book{Alexandre2074-1985,
    author = {Alexandre-Bidon, Danièle and M. Closson},
    title = {L'Enfant à l'ombre des cathédrales},
    publisher = {CNRS et PUL},
    series = {},
    location = {Lyon},
    year = 1985,
    pagetotal = {276},
    language = {français},
    keywords = {book-crh, crh-1985}
    }

@book{Aron2086-1984,
    author = {Aron, Jean-Paul},
    title = {Les Modernes},
    publisher = {Gallimard},
    series = {},
    location = {Paris},
    year = 1984,
    pagetotal = {},
    language = {français},
    keywords = {book-crh, crh-1984}
    }

@book{Bardet2095-1983,
    author = {Bardet, Jean-Pierre},
    title = {Rouen aux XVIIe et XVIIIe siècles},
    publisher = {S.E.D.E.S.},
    series = {},
    location = {Paris},
    year = 1983,
    pagetotal = {},
    language = {français},
    keywords = {book-crh, crh-1983}
    }

@book{Burguiere2148-1982,
    author = {Burguiere, André and J. Lacouture and F Lagrange},
    title = {Regards sur la France},
    publisher = {la Documentation française},
    series = {},
    location = {Paris},
    year = 1982,
    pagetotal = {},
    language = {français},
    keywords = {book-crh, crh-1982}
    }

@book{Chartier2175-1985,
    author = {Chartier, Roger},
    title = {Figure della furfanteria. Marginalità e cultura popolare in Francia tra Cinque e Seicento},
    publisher = {Istituto della Enciclopedia Italiana},
    series = {},
    location = {Rome},
    year = 1985,
    pagetotal = {},
    language = {italien},
    keywords = {book-crh, crh-1985}
    }

@book{Chaussinand2192-1985,
    author = {Chaussinand-Nogaret, Guy},
    title = {Madame Roland},
    publisher = {Seuil},
    series = {},
    location = {Paris},
    year = 1985,
    pagetotal = {},
    language = {français},
    keywords = {book-crh, crh-1985}
    }

@book{Daumard2210-1984,
    author = {Daumard, Adeline and ?},
    title = {Historia social do Brasil. Teoria et metodologia},
    publisher = {},
    series = {},
    location = {Curitiba},
    year = 1984,
    pagetotal = {},
    language = {portugais},
    keywords = {book-crh, crh-1984}
    }

@book{Daumard2211-1985,
    author = {Daumard, Adeline},
    title = {Hierarquia e Riqueza na Sociedade Burguera},
    publisher = {},
    series = {},
    location = {Saö Paulo},
    year = 1985,
    pagetotal = {},
    language = {portugais},
    keywords = {book-crh, crh-1985}
    }

@book{Descimon2222-1983,
    author = {Descimon, Robert},
    title = {Qui étaient les Seize ? Mythes et réalités de la Ligue parisienne, 1585-1594},
    publisher = {Klincksiek},
    series = {},
    location = {Paris et Ile-de-France},
    year = 1983,
    pagetotal = {},
    language = {français},
    keywords = {book-crh, crh-1983}
    }

@book{Descimon2225-1985,
    author = {Descimon, Robert and Elie Barnavi},
    title = {La Sainte Ligue, le juge et la potence. L'assassinat du Président Brisson (15 novembre 1591)},
    publisher = {Hachette},
    series = {},
    location = {Paris},
    year = 1985,
    pagetotal = {},
    language = {français},
    keywords = {book-crh, crh-1985}
    }

@book{Ducreux2228-1984,
    author = {Ducreux, Marie-Elisabeth and J. DUPAQUIER and E. BIDEAU},
    title = {Le Prénom : mode et histoire},
    publisher = {EHESS},
    series = {},
    location = {Paris},
    year = 1984,
    pagetotal = {},
    language = {français},
    keywords = {book-crh, crh-1984}
    }

@book{Dupaquier2232-1983,
    author = {Dupaquier, Jacques and A. Fauve-Chamoux et and E. Grebenik},
    title = {Malthus, Past and Present},
    publisher = {Academic Press},
    series = {},
    location = {Londres/New York},
    year = 1983,
    pagetotal = {},
    language = {anglais},
    keywords = {book-crh, crh-1983}
    }

@book{Dupaquier2237-1984,
    author = {Dupaquier, Jacques},
    title = {Pour la démographie historique},
    publisher = {PUF},
    series = {},
    location = {Paris},
    year = 1984,
    pagetotal = {},
    language = {français},
    keywords = {book-crh, crh-1984}
    }

@book{Dupaquier2240-1985,
    author = {Dupaquier, Jacques and Michel Dupâquier},
    title = {Histoire de la démographie},
    publisher = {},
    series = {collection Pour l'histoire},
    location = {Paris},
    year = 1985,
    pagetotal = {},
    language = {français},
    keywords = {book-crh, crh-1985}
    }

@book{Duval2247-1984,
    author = {Duval, Bernadette and O. Epitalon},
    title = {Répertoire des ouvrages imprimés en langue italienne au XVIIe siècle conservés dans les bibliothèques de France},
    publisher = {CNRS},
    series = {},
    location = {Paris},
    year = 1984,
    pagetotal = {},
    language = {français},
    keywords = {book-crh, crh-1984}
    }

@book{Farge2248-1982,
    author = {Farge, Arlette},
    title = {Le Désordre des Familles, Lettres de cachet des Archives de la Bastille},
    publisher = {Gallimard},
    series = {Archives},
    location = {Paris},
    year = 1982,
    pagetotal = {},
    language = {français},
    keywords = {book-crh, crh-1982}
    }

@book{Favre2265-1986,
    author = {Favre-Lejeune, Christine},
    title = {Les Secrétaires du Roi de la Grande Chancellerie de France (1672-1789)},
    publisher = {Editions Sédopols},
    series = {},
    location = {Paris},
    year = 1986,
    pagetotal = {},
    language = {français},
    keywords = {book-crh, crh-1986}
    }

@book{Ferro2266-1982,
    author = {Ferro, Marc},
    title = {Suez 1956. Naissance d'un Tiers Monde},
    publisher = {Editions Complexe},
    series = {},
    location = {Bruxelles},
    year = 1982,
    pagetotal = {},
    language = {français},
    keywords = {book-crh, crh-1982}
    }

@book{Ferro2271-1984,
    author = {Ferro, Marc},
    title = {The Use and Abuse of History},
    publisher = {Routledge \& Kegan Paul},
    series = {},
    location = {Londres},
    year = 1984,
    pagetotal = {},
    language = {anglais},
    keywords = {book-crh, crh-1984}
    }

@book{Ferro2272-1985,
    author = {Ferro, Marc},
    title = {L'Histoire sous surveillance},
    publisher = {Calmann-Lévy},
    series = {},
    location = {Paris},
    year = 1985,
    pagetotal = {},
    language = {français},
    keywords = {book-crh, crh-1985}
    }

@book{Flandrin2274-1983,
    author = {Flandrin, Jean-Louis},
    title = {Il sesso e l'Occidente},
    publisher = {Mondadori},
    series = {},
    location = {Milan},
    year = 1983,
    pagetotal = {},
    language = {italien},
    keywords = {book-crh, crh-1983}
    }

@book{Flandrin2275-1983,
    author = {Flandrin, Jean-Louis},
    title = {Un temps pour embrasser. Aux origines de la morale sexuelle occidentale},
    publisher = {Seuil},
    series = {},
    location = {Paris},
    year = 1983,
    pagetotal = {},
    language = {français},
    keywords = {book-crh, crh-1983}
    }

@book{Furet2304-1982,
    author = {Furet, François},
    title = {L'Atelier de l'Histoire},
    publisher = {},
    series = {},
    location = {Paris},
    year = 1982,
    pagetotal = {},
    language = {français},
    keywords = {book-crh, crh-1982}
    }

@book{Furet2308-1986,
    author = {Furet, François},
    title = {Marx et la Révolution française},
    publisher = {Flammarion},
    series = {},
    location = {Paris},
    year = 1986,
    pagetotal = {},
    language = {français},
    keywords = {book-crh, crh-1986}
    }

@book{Goubert2316-1984,
    author = {Goubert, Jean-Pierre and D. Lorillot},
    title = {1789. Le corps médical et le changement},
    publisher = {Editions Privat},
    series = {},
    location = {Toulouse},
    year = 1984,
    pagetotal = {},
    language = {français},
    keywords = {book-crh, crh-1984}
    }

@book{Goubert2323-1985,
    author = {Goubert, Jean-Pierre},
    title = {La conquête de l'eau. L'avènement de la santé à l'âge industriel},
    publisher = {Ed. Robert Laffont},
    series = {},
    location = {Paris},
    year = 1985,
    pagetotal = {},
    language = {français},
    keywords = {book-crh, crh-1985}
    }

@book{Goy2325-1982,
    author = {Goy, Joseph and E. LE ROY LADURIE},
    title = {Tithe and agrarian history, XIVth-XIXth centuries},
    publisher = {Cambridge University Press - Maison des Sciences de l'homme},
    series = {},
    location = {Cambridge/Paris},
    year = 1982,
    pagetotal = {},
    language = {anglais},
    keywords = {book-crh, crh-1982}
    }

@book{Guery2337-1983,
    author = {Guery, Alain and M. DESTRUEL},
    title = {La vie en France de 1800 à nos jours},
    publisher = {Nathan},
    series = {},
    location = {Paris},
    year = 1983,
    pagetotal = {},
    language = {français},
    keywords = {book-crh, crh-1983}
    }

@book{Guery2340-1984,
    author = {Guery, Alain},
    title = {Naissance de l'Etat moderne en France, XVe-XVIIIe siècles},
    publisher = {La Documentation française},
    series = {},
    location = {Paris},
    year = 1984,
    pagetotal = {},
    language = {français},
    keywords = {book-crh, crh-1984}
    }

@book{Guery2341-1984,
    author = {Guery, Alain},
    title = {La monarchie en France : du roi au chef d'Etat},
    publisher = {La Documentation française},
    series = {},
    location = {Paris},
    year = 1984,
    pagetotal = {},
    language = {français},
    keywords = {book-crh, crh-1984}
    }

@book{Guillou2348-1983,
    author = {Guillou, André and F. Burgarella and V. von Falkenhausen and U. Rizzitano and V. Fiorani Piacentini and S. Traniontana},
    title = {Il Mezzogiorno dai Bizantini a Federico II (Storia d'Italia 3},
    publisher = {},
    series = {},
    location = {Turin},
    year = 1983,
    pagetotal = {},
    language = {italien},
    keywords = {book-crh, crh-1983}
    }

@book{Halevi2350-1984,
    author = {Halevi, Ran-Yedid},
    title = {Les loges maçonniques dans la France d'Ancien Régime, aux origines de la sociabilité démocratique},
    publisher = {Armand Colin},
    series = {},
    location = {Paris},
    year = 1984,
    pagetotal = {},
    language = {français},
    keywords = {book-crh, crh-1984}
    }

@book{Hocquet2366-1985,
    author = {Hocquet, Jean-Claude},
    title = {Le sel et le pouvoir. De l'An Mil à la Révolution française},
    publisher = {},
    series = {},
    location = {Paris},
    year = 1985,
    pagetotal = {},
    language = {français},
    keywords = {book-crh, crh-1985}
    }

@book{Jouhaud2384-1985,
    author = {Jouhaud, Christian},
    title = {Mazarinades : la Fronde des mots},
    publisher = {Ed. Aubier},
    series = {},
    location = {Paris},
    year = 1985,
    pagetotal = {},
    language = {français},
    keywords = {book-crh, crh-1985}
    }

@book{Julliard2403-1985,
    author = {Julliard, Jacques},
    title = {La faute à Rousseau},
    publisher = {Seuil},
    series = {},
    location = {Paris},
    year = 1985,
    pagetotal = {},
    language = {français},
    keywords = {book-crh, crh-1985}
    }

@book{Klapisch2408-1983,
    author = {Klapisch-Zuber, Christiane},
    title = {Una carta del popolamento toscano negli anni 1427-30},
    publisher = {Franco Angeli},
    series = {},
    location = {Milan},
    year = 1983,
    pagetotal = {},
    language = {italien},
    keywords = {book-crh, crh-1983}
    }

@book{Klapisch2415-1985,
    author = {Klapisch-Zuber, Christiane},
    title = {Women, Family and Ritual in Renaissance Italy},
    publisher = {},
    series = {},
    location = {The University of Chicago Press},
    year = 1985,
    pagetotal = {},
    language = {anglais},
    keywords = {book-crh, crh-1985}
    }

@book{Klapisch2416-1985,
    author = {Klapisch-Zuber, Christiane and D. Herlihy},
    title = {Tuscans and their Families. A. Study of the Florentine Catasto of 1427},
    publisher = {Yale University Press},
    series = {},
    location = {New Haven, Connecticut},
    year = 1985,
    pagetotal = {},
    language = {anglais},
    keywords = {book-crh, crh-1985}
    }

@book{LeGoff2427-1982,
    author = {Le Goff, Jacques},
    title = {L'Apogée de la Chrétienté au XIIIe siècle},
    publisher = {Ed. Bordas},
    series = {},
    location = {Paris},
    year = 1982,
    pagetotal = {},
    language = {français},
    keywords = {book-crh, crh-1982}
    }

@book{LeGoff2439-1985,
    author = {Le Goff, Jacques},
    title = {L'imaginaire médiéval},
    publisher = {Gallimard},
    series = {},
    location = {Paris},
    year = 1985,
    pagetotal = {},
    language = {français},
    keywords = {book-crh, crh-1985}
    }

@book{LeGoff2440-1985,
    author = {Le Goff, Jacques},
    title = {Les Intellectuels au Moyen Age (rééd.)},
    publisher = {Seuil},
    series = {},
    location = {Paris},
    year = 1985,
    pagetotal = {},
    language = {français},
    keywords = {book-crh, crh-1985}
    }

@book{Lepetit2463-1984,
    author = {Lepetit, Bernard},
    title = {Chemins de terre et voies d'eau. Réseaux de transport et organisation de l'espace en France, 1740-1840},
    publisher = {CNRS},
    series = {},
    location = {Paris},
    year = 1984,
    pagetotal = {148},
    language = {français},
    keywords = {book-crh, crh-1984}
    }

@book{Mane2466-1983,
    author = {Mane, Perrine},
    title = {Calendriers et techniques agricoles (France-Italie, XIIe-XIIIe siècles},
    publisher = {Ed. Le Sycomore},
    series = {},
    location = {Paris},
    year = 1983,
    pagetotal = {},
    language = {français},
    keywords = {book-crh, crh-1983}
    }

@book{Mouradian2473-1985,
    author = {Mouradian, Claire},
    title = {L'U.R.S.S. depuis 1945},
    publisher = {La Documentation Française},
    series = {},
    location = {Paris},
    year = 1985,
    pagetotal = {},
    language = {français},
    keywords = {book-crh, crh-1985}
    }

@book{Ozouf2491-1984,
    author = {Ozouf, Mona},
    title = {L'Ecole de la France},
    publisher = {Gallimard},
    series = {},
    location = {Paris},
    year = 1984,
    pagetotal = {},
    language = {français},
    keywords = {book-crh, crh-1984}
    }

@book{Perrot2507-1984,
    author = {Perrot, Jean-Claude and St. Woolf},
    title = {State and Statistics in France},
    publisher = {Harwood Ac. publ.},
    series = {},
    location = {London},
    year = 1984,
    pagetotal = {},
    language = {anglais},
    keywords = {book-crh, crh-1984}
    }

@book{Pomian2545-1983,
    author = {Pomian, Krzysztof},
    title = {Polonia : sfida all impossibile ? Dalla rivolta di Poznan a Solidarnosc},
    publisher = {Marsilio},
    series = {},
    location = {Venise},
    year = 1983,
    pagetotal = {},
    language = {italien},
    keywords = {book-crh, crh-1983}
    }

@book{Pomian2558-1984,
    author = {Pomian, Krzysztof},
    title = {L'ordre du temps},
    publisher = {Gallimard},
    series = {},
    location = {Paris},
    year = 1984,
    pagetotal = {},
    language = {français},
    keywords = {book-crh, crh-1984}
    }

@book{Pomian2564-1985,
    author = {Pomian, Krzysztof},
    title = {Wymiary polskiego konfliktu 1956-1981},
    publisher = {Aneks},
    series = {},
    location = {Londres},
    year = 1985,
    pagetotal = {},
    language = {polonais},
    keywords = {book-crh, crh-1985}
    }

@book{Reberioux2581-1984,
    author = {Reberioux, Madeleine},
    title = {Prévenir : Autour du premier congrès des sociétés de secours mutuels},
    publisher = {},
    series = {},
    location = {},
    year = 1984,
    pagetotal = {},
    language = {français},
    keywords = {book-crh, crh-1984}
    }

@book{Revel2602-1983,
    author = {Revel, Jacques and A.Prost},
    title = {Les lycéens et leurs études. Rapport du Groupe de travail national sur les seconds cycles},
    publisher = {publications du Ministère de l'Education Nationale},
    series = {},
    location = {Paris},
    year = 1983,
    pagetotal = {},
    language = {français},
    keywords = {book-crh, crh-1983}
    }

@book{Schmitt2623-1982,
    author = {Schmitt, Jean-Claude},
    title = {Il santo levrero. Guinefort, guaritore di bambini},
    publisher = {Einaudi},
    series = {},
    location = {Turin},
    year = 1982,
    pagetotal = {},
    language = {italien},
    keywords = {book-crh, crh-1982}
    }

@book{Schmitt2624-1982,
    author = {Schmitt, Jean-Claude},
    title = {Der heilige Windhund. Die Geschichte eines unheiligen Kults},
    publisher = {Klett-Cotta},
    series = {},
    location = {Stuttgart},
    year = 1982,
    pagetotal = {},
    language = {allemand},
    keywords = {book-crh, crh-1982}
    }

@book{Schmitt2627-1983,
    author = {Schmitt, Jean-Claude},
    title = {Les saints et les stars. Le texte hagiographique dans la culture populaire},
    publisher = {Beauchesne},
    series = {},
    location = {Paris},
    year = 1983,
    pagetotal = {},
    language = {français},
    keywords = {book-crh, crh-1983}
    }

@book{Schmitt2628-1983,
    author = {Schmitt, Jean-Claude},
    title = {The holy greyhound. Guinefort, healer of children since the thirteenth century},
    publisher = {Cambridge Univ. Press},
    series = {},
    location = {Cambridge},
    year = 1983,
    pagetotal = {},
    language = {anglais},
    keywords = {book-crh, crh-1983}
    }

@book{Schmitt2630-1984,
    author = {Schmitt, Jean-Claude},
    title = {La Herejia del santo lebrel. Guinfort, Curadero de ninos desde el siglo XIII},
    publisher = {Muchnik},
    series = {},
    location = {Barcelone},
    year = 1984,
    pagetotal = {},
    language = {espagnol},
    keywords = {book-crh, crh-1984}
    }

@book{Schmitt2640-1985,
    author = {Schmitt, Jean-Claude},
    title = {Den heliga vinthunden. Sankt Guinefort, helgon et hund},
    publisher = {Författarförlaget},
    series = {},
    location = {Malmo},
    year = 1985,
    pagetotal = {},
    language = {suédois},
    keywords = {book-crh, crh-1985}
    }

@book{Sigaut2667-1986,
    author = {Sigaut, François},
    title = {Les réserves de grains à long terme. Techniques de conservation et fonctions sociales dans l'histoire},
    publisher = {Editions de la M.S.H. et des Presses Universitaires de Lille},
    series = {},
    location = {Paris/Lille},
    year = 1986,
    pagetotal = {},
    language = {français},
    keywords = {book-crh, crh-1986}
    }

@book{Tenenti2671-1983,
    author = {Tenenti, Alberto},
    title = {La vie et la mort à travers l'art du XVe siècle},
    publisher = {S. Fleury},
    series = {},
    location = {Paris},
    year = 1983,
    pagetotal = {},
    language = {français},
    keywords = {book-crh, crh-1983}
    }

@book{Tenenti2672-1983,
    author = {Tenenti, Alberto},
    title = {Sens de la mort et amour de la vie. Renaissance en Italie et en France},
    publisher = {S. Fleury},
    series = {},
    location = {Paris},
    year = 1983,
    pagetotal = {},
    language = {français},
    keywords = {book-crh, crh-1983}
    }

@book{Tenenti2678-1985,
    author = {Tenenti, Alberto},
    title = {Formacion del mundo moderno},
    publisher = {Editorial Critica},
    series = {},
    location = {Barcelone},
    year = 1985,
    pagetotal = {},
    language = {italien},
    keywords = {book-crh, crh-1985}
    }

@book{Tenenti2679-1985,
    author = {Tenenti, Alberto and B.Tenenti},
    title = {Il prezzo del rischio. L'assicurazione mediterranea vista da Ragusa (1563-1591)},
    publisher = {Jouvence},
    series = {},
    location = {Rome},
    year = 1985,
    pagetotal = {},
    language = {italien},
    keywords = {book-crh, crh-1985}
    }

@book{Valensi2683-1984,
    author = {Valensi, Lucette and A.L. Udovitch},
    title = {Juifs en terre d'Islam. Les communautés de Djerba},
    publisher = {Archives contemporaines},
    series = {},
    location = {Paris},
    year = 1984,
    pagetotal = {},
    language = {français},
    keywords = {book-crh, crh-1984}
    }

@book{Vincent2688-1985,
    author = {Vincent, Bernard},
    title = {Andalucia en la edad moderna},
    publisher = {},
    series = {},
    location = {Grenade},
    year = 1985,
    pagetotal = {},
    language = {espagnol},
    keywords = {book-crh, crh-1985}
    }

@book{Andreau2721-1987,
    author = {Andreau, Jean},
    title = {Vie financière dans le monde romain : les métiers de manieurs d'argent (IVe s. av. J.-C.-IIIe s. ap. J.-C.},
    publisher = {},
    series = {},
    location = {Rome},
    year = 1987,
    pagetotal = {},
    language = {français},
    keywords = {book-crh, crh-1987}
    }

@book{Aymard2741-1987,
    author = {Aymard, Maurice},
    title = {Storia d'Italia. Le Regioni dall'Unità ad oggi : la Sicilia},
    publisher = {Einaudi},
    series = {},
    location = {Turin},
    year = 1987,
    pagetotal = {},
    language = {italien},
    keywords = {book-crh, crh-1987}
    }

@book{Aymard2742-1988,
    author = {Aymard, Maurice},
    title = {French Studies in History, vol. 1 : The Inheritance, vol. 2 : The Departures},
    publisher = {Orient Longman},
    series = {},
    location = {New-Delhi},
    year = 1988,
    pagetotal = {},
    language = {anglais},
    keywords = {book-crh, crh-1988}
    }

@book{Beck2766-1989,
    author = {Beck-Bossard, Corinne and marie-Annick Morisson},
    title = {Une ferme seigneuriale au XIVe siècle. La grange du Mont (Charny, Côte d'Or},
    publisher = {MSH},
    series = {},
    location = {Paris},
    year = 1989,
    pagetotal = {},
    language = {français},
    keywords = {book-crh, crh-1989}
    }

@book{Benoit2774-1988,
    author = {Benoit, Serge},
    title = {Patrimoine sidérurgique en Bourgogne du Nord. Guide de découverte},
    publisher = {Association pour la Sauvegarde et l'Animation des Forges de Buffon},
    series = {},
    location = {Buffon},
    year = 1988,
    pagetotal = {},
    language = {français},
    keywords = {book-crh, crh-1988}
    }

@book{Bergeron2779-1986,
    author = {Bergeron, Louis and M. Roncayolo and C. Olmo},
    title = {Nove Lezioni di storia della Città},
    publisher = {CELID},
    series = {},
    location = {Torino},
    year = 1986,
    pagetotal = {},
    language = {italien},
    keywords = {book-crh, crh-1986}
    }

@book{Bergeron2786-1989,
    author = {Bergeron, Louis},
    title = {Paris,Genèse d'un paysage},
    publisher = {Picard},
    series = {},
    location = {Paris},
    year = 1989,
    pagetotal = {},
    language = {français},
    keywords = {book-crh, crh-1989}
    }

@book{Bergeron2787-1989,
    author = {Bergeron, Louis},
    title = {Parigi},
    publisher = {Laterza},
    series = {},
    location = {Bari},
    year = 1989,
    pagetotal = {},
    language = {italien},
    keywords = {book-crh, crh-1989}
    }

@book{Berlioz2799-1989,
    author = {Berlioz, Jacques},
    title = {Saints et damnés. La Bourgogne du Moyen Age dans les récits d'Etienne de Bourbon, inquisiteur (1190-1261)},
    publisher = {Ed. du Bien Public},
    series = {},
    location = {Dijon},
    year = 1989,
    pagetotal = {63},
    language = {français},
    keywords = {book-crh, crh-1989}
    }

@book{Berlioz2808-1989,
    author = {Berlioz, Jacques},
    title = {Saint Bernard en Bourgogne. Lieux et mémoire},
    publisher = {Ed. du Bien Public},
    series = {},
    location = {Dijon},
    year = 1989,
    pagetotal = {172},
    language = {français},
    keywords = {book-crh, crh-1989}
    }

@book{Bourdelais2820-1987,
    author = {Bourdelais, Patrice and A. Dodin},
    title = {Visages du choléra},
    publisher = {Belin},
    series = {},
    location = {Paris},
    year = 1987,
    pagetotal = {},
    language = {français},
    keywords = {book-crh, crh-1987}
    }

@book{Bourdelais2821-1987,
    author = {Bourdelais, Patrice and J.-Y. Raulot},
    title = {Une peur bleue, Histoire du choléra en France},
    publisher = {Payot},
    series = {},
    location = {Paris},
    year = 1987,
    pagetotal = {},
    language = {français},
    keywords = {book-crh, crh-1987}
    }

@book{Bourdelais2822-1988,
    author = {Bourdelais, Patrice},
    title = {Peurs et Terreurs face à la contagion},
    publisher = {Fayard},
    series = {},
    location = {Paris},
    year = 1988,
    pagetotal = {},
    language = {français},
    keywords = {book-crh, crh-1988}
    }

@book{Boureau2829-1988,
    author = {Boureau, Alain},
    title = {La Papesse Jeanne},
    publisher = {Aubier},
    series = {},
    location = {Paris},
    year = 1988,
    pagetotal = {},
    language = {français},
    keywords = {book-crh, crh-1988}
    }

@book{Chapelot2866-1987,
    author = {Chapelot, Odette and M. Barbier and D. Cailleaux},
    title = {Carreaux de Pavement du Moyen Age et de la Renaissance},
    publisher = {Ed. des musées de  Chaumont et de Saint-Dizier},
    series = {},
    location = {Chaumont / Saint-Dizier},
    year = 1987,
    pagetotal = {},
    language = {français},
    keywords = {book-crh, crh-1987}
    }

@book{Chartier2883-1987,
    author = {Chartier, Roger},
    title = {Lectures et lecteurs dans la France de l'Ancien Régime},
    publisher = {Seuil},
    series = {},
    location = {Paris},
    year = 1987,
    pagetotal = {},
    language = {français},
    keywords = {book-crh, crh-1987}
    }

@book{Chartier2891-1988,
    author = {Chartier, Roger},
    title = {Cultural History. Between Practices and Representations},
    publisher = {Polity Press/ Cornell University Press},
    series = {},
    location = {Cambridge/Ithaca},
    year = 1988,
    pagetotal = {},
    language = {anglais},
    keywords = {book-crh, crh-1988}
    }

@book{Chartier2893-1988,
    author = {Chartier, Roger},
    title = {A Historia Cultural entre Praticas e Representaçoes},
    publisher = {Difel},
    series = {},
    location = {Lisboa},
    year = 1988,
    pagetotal = {},
    language = {portugais},
    keywords = {book-crh, crh-1988}
    }

@book{Chartier2894-1988,
    author = {Chartier, Roger},
    title = {Frenchness in the History of the Book : From the History of Publishing to the History of Reading},
    publisher = {American Antiquarian Society},
    series = {},
    location = {Worcester},
    year = 1988,
    pagetotal = {},
    language = {anglais},
    keywords = {book-crh, crh-1988}
    }

@book{Chartier2895-1988,
    author = {Chartier, Roger},
    title = {Luigi Einaudi : Between Politics and History},
    publisher = {Cornell University, Western Societies Program},
    series = {},
    location = {New York},
    year = 1988,
    pagetotal = {},
    language = {anglais},
    keywords = {book-crh, crh-1988}
    }

@book{Chartier2903-1989,
    author = {Chartier, Roger},
    title = {La rappresentazione del sociale},
    publisher = {Ballati Boringhieri},
    series = {},
    location = {Torino},
    year = 1989,
    pagetotal = {},
    language = {italien},
    keywords = {book-crh, crh-1989}
    }

@book{Chartier2904-1989,
    author = {Chartier, Roger},
    title = {Die unvollendete Vergangenheit. Geschichte und die Macht der Weltauslegung},
    publisher = {Verlag Klaus Wagenbach},
    series = {},
    location = {Berlin},
    year = 1989,
    pagetotal = {158},
    language = {allemand},
    keywords = {book-crh, crh-1989}
    }

@book{Chaussinand2924-1986,
    author = {Chaussinand-Nogaret, Guy},
    title = {Mirabeau entre le roi et la Révolution},
    publisher = {Hachette},
    series = {},
    location = {Paris},
    year = 1986,
    pagetotal = {},
    language = {français},
    keywords = {book-crh, crh-1986}
    }

@book{Chaussinand2931-1988,
    author = {Chaussinand-Nogaret, Guy},
    title = {1789},
    publisher = {Hervas},
    series = {},
    location = {Paris},
    year = 1988,
    pagetotal = {},
    language = {français},
    keywords = {book-crh, crh-1988}
    }

@book{Chaussinand2932-1988,
    author = {Chaussinand-Nogaret, Guy},
    title = {La Bastille est prise},
    publisher = {Complexe},
    series = {},
    location = {Bruxelles},
    year = 1988,
    pagetotal = {},
    language = {français},
    keywords = {book-crh, crh-1988}
    }

@book{Courbin2944-1988,
    author = {Courbin, Paul},
    title = {What is Archeology},
    publisher = {Chicago University Press},
    series = {},
    location = {Chicago},
    year = 1988,
    pagetotal = {},
    language = {anglais},
    keywords = {book-crh, crh-1988}
    }

@book{Daumard2945-1987,
    author = {Daumard, Adeline},
    title = {Les bourgeois et la bourgeoisie en France de 1815 à nos jours},
    publisher = {Aubier},
    series = {},
    location = {Paris},
    year = 1987,
    pagetotal = {},
    language = {français},
    keywords = {book-crh, crh-1987}
    }

@book{Delille2958-1988,
    author = {Delille, Gérard},
    title = {Famiglia e proprietà nel Regno di Napoli},
    publisher = {Einaudi},
    series = {},
    location = {Turin},
    year = 1988,
    pagetotal = {},
    language = {italien},
    keywords = {book-crh, crh-1988}
    }

@book{Delille2959-1989,
    author = {Delille, Gérard and J.M. Sallmann and J.C. Waquet and Y.M. Bercé},
    title = {L'Italie au XVIIe siècle},
    publisher = {},
    series = {},
    location = {Paris},
    year = 1989,
    pagetotal = {},
    language = {français},
    keywords = {book-crh, crh-1989}
    }

@book{Demelas2961-1987,
    author = {Demelas-Bohy, Marie-Danièle and Y. Saint-Geours},
    title = {La vie quotidienne en Amérique du Sud au temps de Bolivar},
    publisher = {Hachette},
    series = {},
    location = {Paris},
    year = 1987,
    pagetotal = {},
    language = {français},
    keywords = {book-crh, crh-1987}
    }

@book{Demelas2963-1988,
    author = {Demelas-Bohy, Marie-Danièle and Y. Saint-Geours},
    title = {Jerusalem y Babilonia. Religion y politica en Ecuador, 1780-1875},
    publisher = {Corporacion editora nacional},
    series = {},
    location = {Quito},
    year = 1988,
    pagetotal = {},
    language = {espagnol},
    keywords = {book-crh, crh-1988}
    }

@book{Demelas2966-1989,
    author = {Demelas-Bohy, Marie-Danièle and Y. Saint-Geours},
    title = {Jerusalem et Babylone. Religion et politique en Amérique du Sud, le cas de l'Equateur},
    publisher = {ADPF},
    series = {},
    location = {Paris},
    year = 1989,
    pagetotal = {},
    language = {français},
    keywords = {book-crh, crh-1989}
    }

@book{Dupaquier2986-1989,
    author = {Dupaquier, Jacques},
    title = {Per la demografia storica},
    publisher = {},
    series = {},
    location = {},
    year = 1989,
    pagetotal = {},
    language = {italien},
    keywords = {book-crh, crh-1989}
    }

@book{Dupaquier2997-1988,
    author = {Dupaquier, Jacques},
    title = {Histoire de la population française},
    publisher = {PUF},
    series = {},
    location = {Paris},
    year = 1988,
    pagetotal = {},
    language = {français},
    keywords = {book-crh, crh-1988}
    }

@book{Dupaquier2998-1989,
    author = {Dupaquier, Jacques},
    title = {Ainsi commença la Révolution. Campagne électorale et cahiers de doléances dans les bailliages de Chaumont-en-Vexin et de Magny-en-Vexin},
    publisher = {Société historique de Pontoise, du Val d'Oise et du Vexin},
    series = {},
    location = {},
    year = 1989,
    pagetotal = {},
    language = {français},
    keywords = {book-crh, crh-1989}
    }

@book{Farge3010-1986,
    author = {Farge, Arlette},
    title = {La Vie Fragile, pouvoirs, violence et solidarités à Paris au XVIIIe siècle},
    publisher = {Hachette},
    series = {},
    location = {Paris},
    year = 1986,
    pagetotal = {},
    language = {français},
    keywords = {book-crh, crh-1986}
    }

@book{Farge3011-1988,
    author = {Farge, Arlette and J. Revel},
    title = {Les logiques de la foule. L'affaire des enlèvements d'enfants},
    publisher = {Hachette},
    series = {},
    location = {Paris},
    year = 1988,
    pagetotal = {},
    language = {français},
    keywords = {book-crh, crh-1988}
    }

@book{Farge3015-1989,
    author = {Farge, Arlette},
    title = {Le goût de l'Archive},
    publisher = {Seuil},
    series = {},
    location = {Paris},
    year = 1989,
    pagetotal = {},
    language = {français},
    keywords = {book-crh, crh-1989}
    }

@book{Ferro3029-1987,
    author = {Ferro, Marc},
    title = {Pétain},
    publisher = {Fayard},
    series = {},
    location = {Paris},
    year = 1987,
    pagetotal = {},
    language = {français},
    keywords = {book-crh, crh-1987}
    }

@book{Ferro3030-1989,
    author = {Ferro, Marc},
    title = {Cinquante idées qui ébranlent le monde. Dictionnaire de la glasnost},
    publisher = {Payot},
    series = {},
    location = {Paris},
    year = 1989,
    pagetotal = {},
    language = {français},
    keywords = {book-crh, crh-1989}
    }

@book{Ferro3031-1989,
    author = {Ferro, Marc and C. Delage and B. Fleury-Vilatte},
    title = {Révoltes, Révolutions, Cinéma},
    publisher = {Ed. du Centre Pompidou},
    series = {},
    location = {Paris},
    year = 1989,
    pagetotal = {},
    language = {français},
    keywords = {book-crh, crh-1989}
    }

@book{Fridenson3054-1987,
    author = {Fridenson, Patrick and A. Straus},
    title = {Le capitalisme français XIXe-XXe siècles},
    publisher = {Fayard},
    series = {},
    location = {Paris},
    year = 1987,
    pagetotal = {},
    language = {français},
    keywords = {book-crh, crh-1987}
    }

@book{Fridenson3058-1987,
    author = {Fridenson, Patrick and I. Tournier},
    title = {La 4CV au Salon de l'Auto 1946},
    publisher = {La Documentation Française},
    series = {},
    location = {Paris},
    year = 1987,
    pagetotal = {},
    language = {français},
    keywords = {book-crh, crh-1987}
    }

@book{Froeschle3068-1986,
    author = {Froeschle-Chopard, Marie-Hélène},
    title = {Atlas de la Réforme pastorale en France de 1550 à 1790},
    publisher = {CNRS},
    series = {},
    location = {Paris},
    year = 1986,
    pagetotal = {},
    language = {français},
    keywords = {book-crh, crh-1986}
    }

@book{Furet3091-1986,
    author = {Furet, François},
    title = {La Gauche et la révolution au milieu du XIXe siècle, Edgar Quinet et la question du jacobinisme, 1865-1870},
    publisher = {Hachette},
    series = {},
    location = {Paris},
    year = 1986,
    pagetotal = {},
    language = {français},
    keywords = {book-crh, crh-1986}
    }

@book{Furet3092-1988,
    author = {Furet, François},
    title = {La Révolution (1770-1880)},
    publisher = {Hachette},
    series = {},
    location = {Paris},
    year = 1988,
    pagetotal = {},
    language = {français},
    keywords = {book-crh, crh-1988}
    }

@book{Goubert3103-1989,
    author = {Goubert, Jean-Pierre},
    title = {The conquest of water. The Advent of Health in the Industrial Age},
    publisher = {Polity Press},
    series = {},
    location = {Cambridge et Oxford},
    year = 1989,
    pagetotal = {},
    language = {anglais},
    keywords = {book-crh, crh-1989}
    }

@book{Goy3115-1989,
    author = {Goy, Joseph},
    title = {Naissance du Code civil},
    publisher = {},
    series = {},
    location = {Paris},
    year = 1989,
    pagetotal = {},
    language = {français},
    keywords = {book-crh, crh-1989}
    }

@book{Green3135-1986,
    author = {Green, Nancy},
    title = {The Pletzl of Paris},
    publisher = {Holmes \& Meyer},
    series = {},
    location = {New York},
    year = 1986,
    pagetotal = {},
    language = {anglais},
    keywords = {book-crh, crh-1986}
    }

@book{Guillou3161-1987,
    author = {Guillou, André and Br. Lyon and Fr. Gabrieli and H. Steuer},
    title = {Carlomagno e Maometto},
    publisher = {Jaca Book},
    series = {},
    location = {Milan},
    year = 1987,
    pagetotal = {},
    language = {italien},
    keywords = {book-crh, crh-1987}
    }

@book{Hartog3175-1988,
    author = {Hartog, François},
    title = {Le XIXe siècle et l'histoire : le cas Fustel de Coulanges},
    publisher = {PUF},
    series = {},
    location = {Paris},
    year = 1988,
    pagetotal = {},
    language = {français},
    keywords = {book-crh, crh-1988}
    }

@book{Julia3215-1988,
    author = {Julia, Dominique and M.-M. Compère},
    title = {Les collèges français du XVIe au XVIIIe siècles. Répertoire des établissements, t. 2 - France du Nord et de l'Ouest},
    publisher = {CNRS.-I.N.R.P.},
    series = {},
    location = {Paris},
    year = 1988,
    pagetotal = {},
    language = {français},
    keywords = {book-crh, crh-1988}
    }

@book{Julliard3245-1989,
    author = {Julliard, Jacques and F. Furet and P. Rosanvallon},
    title = {Autonomie ouvrière, études sur le syndicalisme d'action directe},
    publisher = {Seuil},
    series = {},
    location = {Paris},
    year = 1989,
    pagetotal = {},
    language = {français},
    keywords = {book-crh, crh-1989}
    }

@book{Klapisch3253-1988,
    author = {Klapisch-Zuber, Christiane and D. Herlihy},
    title = {I Toscani e le loro famiglie. Uno studio sul catasto fiorentino del 1427},
    publisher = {Il Mulino},
    series = {},
    location = {Bologna},
    year = 1988,
    pagetotal = {},
    language = {italien},
    keywords = {book-crh, crh-1988}
    }

@book{Klapisch3254-1988,
    author = {Klapisch-Zuber, Christiane},
    title = {La famiglia e le donne nel Rinascimento a Firenze},
    publisher = {Laterza},
    series = {},
    location = {Bari},
    year = 1988,
    pagetotal = {},
    language = {italien},
    keywords = {book-crh, crh-1988}
    }

@book{Lagarce3259-1986,
    author = {Lagarce, Jacques and E. Lagarce and J.-C. Courtois},
    title = {Enkomi et le Bronze Récent à Chypre},
    publisher = {A.-G. Leventis Foundation},
    series = {},
    location = {Nicosie},
    year = 1986,
    pagetotal = {},
    language = {français},
    keywords = {book-crh, crh-1986}
    }

@book{Lagarce3260-1987,
    author = {Lagarce, Jacques and E. Lagarce},
    title = {Ras Ibn Hani. Archéologie et histoire},
    publisher = {},
    series = {},
    location = {Damas},
    year = 1987,
    pagetotal = {},
    language = {français},
    keywords = {book-crh, crh-1987}
    }

@book{LeGoff3268-1986,
    author = {Le Goff, Jacques},
    title = {La Bourse et la Vie},
    publisher = {Hachette},
    series = {},
    location = {Paris},
    year = 1986,
    pagetotal = {},
    language = {français},
    keywords = {book-crh, crh-1986}
    }

@book{LeGoff3272-1987,
    author = {Le Goff, Jacques},
    title = {L'Uomo medievale},
    publisher = {Laterza},
    series = {},
    location = {Roma-Bari},
    year = 1987,
    pagetotal = {},
    language = {italien},
    keywords = {book-crh, crh-1987}
    }

@book{LeGoff3275-1988,
    author = {Le Goff, Jacques},
    title = {Histoire et Mémoire},
    publisher = {Gallimard},
    series = {},
    location = {Paris},
    year = 1988,
    pagetotal = {},
    language = {français},
    keywords = {book-crh, crh-1988}
    }

@book{LeGoff3293-1989,
    author = {Le Goff, Jacques and Cesare de Seta},
    title = {La città e le mura},
    publisher = {Ed. Laterza},
    series = {},
    location = {Roma-Bari},
    year = 1989,
    pagetotal = {},
    language = {italien},
    keywords = {book-crh, crh-1989}
    }

@book{Lemay3294-1987,
    author = {Lemay, Edna},
    title = {La vie quotidienne des députés aux Etats généraux},
    publisher = {Hachette},
    series = {},
    location = {Paris},
    year = 1987,
    pagetotal = {},
    language = {français},
    keywords = {book-crh, crh-1987}
    }

@book{Lepetit3309-1987,
    author = {Lepetit, Bernard and J. Hoock},
    title = {La ville et l'innovation en Europe, XIVe-XIXe siècles},
    publisher = {EHESS},
    series = {},
    location = {Paris},
    year = 1987,
    pagetotal = {},
    language = {français},
    keywords = {book-crh, crh-1987}
    }

@book{Lepetit3315-1988,
    author = {Lepetit, Bernard},
    title = {Les villes dans la France moderne (1740-1840)},
    publisher = {Albin Michel},
    series = {},
    location = {Paris},
    year = 1988,
    pagetotal = {},
    language = {français},
    keywords = {book-crh, crh-1988}
    }

@book{Morisson3332-1989,
    author = {Morisson, Marie-Annick and Corinne Beck-Brossard},
    title = {Une ferme seigneuriale au XIVe siècle : la grange du Mont (Charny Côte d'Or)},
    publisher = {MSH},
    series = {},
    location = {Paris},
    year = 1989,
    pagetotal = {},
    language = {français},
    keywords = {book-crh, crh-1989}
    }

@book{Netter3349-1989,
    author = {Netter, Marie-Laurence},
    title = {La Révolution française n'est pas terminée},
    publisher = {PUF},
    series = {},
    location = {Paris},
    year = 1989,
    pagetotal = {},
    language = {français},
    keywords = {book-crh, crh-1989}
    }

@book{Ostuni3356-1987,
    author = {Ostuni, Giustina},
    title = {Les outils dans les Balkans du Moyen-Age à nos jours},
    publisher = {EHESS},
    series = {},
    location = {Paris},
    year = 1987,
    pagetotal = {},
    language = {français},
    keywords = {book-crh, crh-1987}
    }

@book{Ozouf3357-1986,
    author = {Ozouf, Jacques and M. Ozouf},
    title = {La forteresse enseignante, la Fédération de l'Education Nationale},
    publisher = {Fayard},
    series = {},
    location = {Paris},
    year = 1986,
    pagetotal = {},
    language = {français},
    keywords = {book-crh, crh-1986}
    }

@book{Ozouf3359-1988,
    author = {Ozouf, Jacques and M. Ozouf},
    title = {Souvenirs},
    publisher = {Calmann-Lévy},
    series = {},
    location = {Paris},
    year = 1988,
    pagetotal = {},
    language = {français},
    keywords = {book-crh, crh-1988}
    }

@book{Ozouf3367-1988,
    author = {Ozouf, Mona and J. Ozouf},
    title = {Souvenirs},
    publisher = {Calmann-Lévy},
    series = {},
    location = {Paris},
    year = 1988,
    pagetotal = {},
    language = {français},
    keywords = {book-crh, crh-1988}
    }

@book{Ozouf3370-1989,
    author = {Ozouf, Mona},
    title = {L'homme régénéré},
    publisher = {Gallimard},
    series = {},
    location = {Paris},
    year = 1989,
    pagetotal = {},
    language = {français},
    keywords = {book-crh, crh-1989}
    }

@book{Ozouf3373-1989,
    author = {Ozouf, Mona},
    title = {The French Revolution and the Creation of Modern Culture, tome 3},
    publisher = {Pergamon Press},
    series = {},
    location = {Oxford},
    year = 1989,
    pagetotal = {},
    language = {anglais},
    keywords = {book-crh, crh-1989}
    }

@book{Perrot3377-1988,
    author = {Perrot, Jean-Claude},
    title = {Lavoisier, De la richesse territoriale du royaume de France},
    publisher = {},
    series = {},
    location = {Paris},
    year = 1988,
    pagetotal = {},
    language = {français},
    keywords = {book-crh, crh-1988}
    }

@book{Pestre3382-1986,
    author = {Pestre, Dominique and F. Balibar},
    title = {La science au coeur de l'histoire contemporaine de 1945 à nos jours},
    publisher = {Documentation Photographique n° 6081},
    series = {},
    location = {Paris},
    year = 1986,
    pagetotal = {},
    language = {français},
    keywords = {book-crh, crh-1986}
    }

@book{Pestre3395-1987,
    author = {Pestre, Dominique and A. Hermann and J. Krige and U. Mersits},
    title = {History of CERN, I - Launching the European Organization for Nuclear Research},
    publisher = {North Holland},
    series = {},
    location = {Amsterdam},
    year = 1987,
    pagetotal = {},
    language = {anglais},
    keywords = {book-crh, crh-1987}
    }

@book{Picard3408-1987,
    author = {Picard, Jean-François},
    title = {Recherche et industrie, témoignages pour quarante ans d'études et de recherches à Electricité de France},
    publisher = {},
    series = {},
    location = {Eyrolles},
    year = 1987,
    pagetotal = {},
    language = {français},
    keywords = {book-crh, crh-1987}
    }

@book{Pomian3440-1987,
    author = {Pomian, Krzysztof},
    title = {Collectionneurs, amateurs et curieux. Paris-Venise, XVIe-XVIIIe siècles},
    publisher = {Gallimard},
    series = {},
    location = {Paris},
    year = 1987,
    pagetotal = {},
    language = {français},
    keywords = {book-crh, crh-1987}
    }

@book{Pomian3448-1987,
    author = {Pomian, Krzysztof},
    title = {Der Ursprung des Museums. Vom Sammeln},
    publisher = {Wagenbach},
    series = {},
    location = {Berlin},
    year = 1987,
    pagetotal = {},
    language = {allemand},
    keywords = {book-crh, crh-1987}
    }

@book{Randles3468-1988,
    author = {Randles, William},
    title = {Bartolomeu Dias and the Discovery of the South-east passage linking the Atlantic to the Indian Ocean (1488)},
    publisher = {Centro de Estudos de historia e cartografia antiga},
    series = {},
    location = {Lisbonne},
    year = 1988,
    pagetotal = {12},
    language = {anglais},
    keywords = {book-crh, crh-1988}
    }

@book{Rebaudo3474-1987,
    author = {Rebaudo, Danièle and J. Dupaquier and J.-P. Pélissier},
    title = {Le temps des Jules},
    publisher = {Ed. Christian},
    series = {},
    location = {Paris},
    year = 1987,
    pagetotal = {},
    language = {français},
    keywords = {book-crh, crh-1987}
    }

@book{Revel3487-1988,
    author = {Revel, Jacques and A. Farge},
    title = {Logiques de la foule. L'affaire des enlèvements d'enfants, Paris, 1750},
    publisher = {Hachette},
    series = {},
    location = {Paris},
    year = 1988,
    pagetotal = {},
    language = {français},
    keywords = {book-crh, crh-1988}
    }

@book{Schmitt3535-1988,
    author = {Schmitt, Jean-Claude},
    title = {Religione, folklore e società nell'Occidente medievale},
    publisher = {Laterza},
    series = {},
    location = {Rome-Bari},
    year = 1988,
    pagetotal = {},
    language = {italien},
    keywords = {book-crh, crh-1988}
    }

@book{Sigaut3583-1987,
    author = {Sigaut, François},
    title = {De la voûte céleste au terroir, du jardin au foyer},
    publisher = {EHESS},
    series = {},
    location = {Paris},
    year = 1987,
    pagetotal = {},
    language = {français},
    keywords = {book-crh, crh-1987}
    }

@book{Sigaut3584-1988,
    author = {Sigaut, François and S.Cousin and C. Royer},
    title = {Le guide du patrimoine rural},
    publisher = {},
    series = {},
    location = {Paris},
    year = 1988,
    pagetotal = {},
    language = {français},
    keywords = {book-crh, crh-1988}
    }

@book{Tenenti3587-1987,
    author = {Tenenti, Alberto},
    title = {Stato : un'idea, una logica},
    publisher = {Il Mulino},
    series = {},
    location = {Bologne},
    year = 1987,
    pagetotal = {},
    language = {italien},
    keywords = {book-crh, crh-1987}
    }

@book{Valensi3588-1986,
    author = {Valensi, Lucette and N. Wachtel},
    title = {Mémoires juives},
    publisher = {Gallimard},
    series = {},
    location = {Paris},
    year = 1986,
    pagetotal = {},
    language = {français},
    keywords = {book-crh, crh-1986}
    }

@book{Valensi3593-1987,
    author = {Valensi, Lucette},
    title = {Venise et la Sublime Porte. La naissance du despote},
    publisher = {Hachette},
    series = {},
    location = {Paris},
    year = 1987,
    pagetotal = {},
    language = {français},
    keywords = {book-crh, crh-1987}
    }

@book{Valensi3595-1987,
    author = {Valensi, Lucette and A.-L. Hudovitch},
    title = {Gli ultimi Ebrei arabi. Le communità di Gerba},
    publisher = {Istituto della Enciclopedia italiana},
    series = {},
    location = {Rome},
    year = 1987,
    pagetotal = {},
    language = {italien},
    keywords = {book-crh, crh-1987}
    }

@book{Velay3599-1987,
    author = {Velay-Vallantin, Catherine and J. Barchilon},
    title = {Pensées chrétiennes de Charles Perrault},
    publisher = {Paris-Seattle-Tübingen},
    series = {},
    location = {Papers on French Seventeenth Century Literature},
    year = 1987,
    pagetotal = {},
    language = {français},
    keywords = {book-crh, crh-1987}
    }

@book{Vincent3604-1986,
    author = {Vincent, Bernard},
    title = {Etat et Eglise dans la genèse de l'état moderne},
    publisher = {Casa de Velazquez},
    series = {},
    location = {Madrid},
    year = 1986,
    pagetotal = {},
    language = {français},
    keywords = {book-crh, crh-1986}
    }

@book{Vincent3605-1987,
    author = {Vincent, Bernard},
    title = {Minorias y marginados en la Espana del siglo XVI},
    publisher = {Diputacion provincial},
    series = {},
    location = {Grenade},
    year = 1987,
    pagetotal = {},
    language = {espagnol},
    keywords = {book-crh, crh-1987}
    }

@book{Vincent3608-1987,
    author = {Vincent, Bernard and A. Bazzana and A. Humbert},
    title = {Terres de Grenade},
    publisher = {Ed. Arhis},
    series = {},
    location = {Paris},
    year = 1987,
    pagetotal = {},
    language = {français},
    keywords = {book-crh, crh-1987}
    }

@book{Woronoff3614-1989,
    author = {Woronoff, Denis},
    title = {Rapports à l'Empereur sur le progrès des sciences, des lettres et des arts depuis 1789},
    publisher = {Belin},
    series = {},
    location = {Paris},
    year = 1989,
    pagetotal = {},
    language = {français},
    keywords = {book-crh, crh-1989}
    }

@book{Halevi3621-1989,
    author = {Halevi, Ran-Yedid and F. Furet},
    title = {Orateurs de la Révolution française, t. 1 - Les Constituants},
    publisher = {Gallimard},
    series = {col. La Pléiade},
    location = {Paris},
    year = 1989,
    pagetotal = {},
    language = {français},
    keywords = {book-crh, crh-1989}
    }

@book{Arbellot3651-1992,
    author = {Arbellot, Guy},
    title = {Autour des routes de poste. Les premières cartes routières de la France (XVIIe-XIXe siècles)},
    publisher = {},
    series = {},
    location = {Paris},
    year = 1992,
    pagetotal = {},
    language = {français},
    keywords = {book-crh, crh-1992}
    }

@book{Baschet3655-1991,
    author = {Baschet, Jérome},
    title = {Lieu sacré, lieu d'images. Les fresques de Bominaco (Abruzzes, 1263) : thèmes, parcours, fonctions},
    publisher = {},
    series = {},
    location = {Paris-Rome},
    year = 1991,
    pagetotal = {},
    language = {français},
    keywords = {book-crh, crh-1991}
    }

@book{Baschet3660-1993,
    author = {Baschet, Jérome},
    title = {Les justices de l'au-delà. Les représentations de l'enfer en France et en Italie (XIIe-XVe siècles)},
    publisher = {},
    series = {},
    location = {Rome},
    year = 1993,
    pagetotal = {},
    language = {français},
    keywords = {book-crh, crh-1993}
    }

@book{Bavant3664-1990,
    author = {Bavant, Bernard},
    title = {Caricin Grad II (Le quartier sud-ouest de la Ville Haute)},
    publisher = {},
    series = {},
    location = {Belgrade/Rome},
    year = 1990,
    pagetotal = {},
    language = {français},
    keywords = {book-crh, crh-1990}
    }

@book{Beck3666-1991,
    author = {Beck, Corinne},
    title = {Animaux, techniques et paysages d'élevages dans les pays bourguignons et rhodano-alpins (Ier-XVe siècles)},
    publisher = {},
    series = {},
    location = {Paris},
    year = 1991,
    pagetotal = {},
    language = {français},
    keywords = {book-crh, crh-1991}
    }

@book{Bergeron3682-1991,
    author = {Bergeron, Louis},
    title = {Les Rothschild et les autres... La gloire des banquiers},
    publisher = {},
    series = {},
    location = {Paris},
    year = 1991,
    pagetotal = {},
    language = {français},
    keywords = {book-crh, crh-1991}
    }

@book{Berlioz3699-1992,
    author = {Berlioz, Jacques},
    title = {Le rire du prédicateur. Récits facétieux du Moyen-Age (textes traduits par Albert Lecoy de la Marche)},
    publisher = {},
    series = {},
    location = {Turnhout},
    year = 1992,
    pagetotal = {},
    language = {français},
    keywords = {book-crh, crh-1992}
    }

@book{Berlioz3707-1993,
    author = {Berlioz, Jacques and P. Poirrier and P. Arabeyre,},
    title = {Vies et légendes de Saint Bernard. Création, diffusion, réception (XIIe-XXe siècles)},
    publisher = {},
    series = {Commentarii Cistercienses (Textes et documents)},
    location = {Cîteaux},
    year = 1993,
    pagetotal = {},
    language = {français},
    keywords = {book-crh, crh-1993}
    }

@book{Bourdelais3731-1993,
    author = {Bourdelais, Patrice},
    title = {L'âge de la vieillesse, histoire du vieillissement de la population},
    publisher = {},
    series = {},
    location = {Paris},
    year = 1993,
    pagetotal = {},
    language = {français},
    keywords = {book-crh, crh-1993}
    }

@book{Boureau3736-1990,
    author = {Boureau, Alain},
    title = {Histoire d'un historien. Kantorowicz},
    publisher = {},
    series = {},
    location = {Paris},
    year = 1990,
    pagetotal = {},
    language = {français},
    keywords = {book-crh, crh-1990}
    }

@book{Boureau3752-1991,
    author = {Boureau, Alain},
    title = {Alter-Histoire. Essais d'histoire expérimentale},
    publisher = {},
    series = {},
    location = {Paris},
    year = 1991,
    pagetotal = {},
    language = {français},
    keywords = {book-crh, crh-1991}
    }

@book{Boureau3772-1993,
    author = {Boureau, Alain},
    title = {L'évènement sans fin. Récit et christianisme au Moyen -Age},
    publisher = {},
    series = {},
    location = {Paris},
    year = 1993,
    pagetotal = {},
    language = {français},
    keywords = {book-crh, crh-1993}
    }

@book{Brabant3782-1993,
    author = {Brabant, Eva},
    title = {Ferenczi et l'école hongroise de psychanalyse},
    publisher = {},
    series = {},
    location = {Paris},
    year = 1993,
    pagetotal = {},
    language = {français},
    keywords = {book-crh, crh-1993}
    }

@book{Braunstein3793-1992,
    author = {Braunstein, Philippe},
    title = {Un banquier mis à nu. Autobiographie de Matthäus Schwarz, bourgeois d'Augsbourg},
    publisher = {},
    series = {},
    location = {Paris},
    year = 1992,
    pagetotal = {},
    language = {français},
    keywords = {book-crh, crh-1992}
    }

@book{Bruhns3802-1988,
    author = {Bruhns, Hinnerk},
    title = {Werner Sombart},
    publisher = {},
    series = {},
    location = {},
    year = 1988,
    pagetotal = {},
    language = {français},
    keywords = {book-crh, crh-1988}
    }

@book{Burguiere3815-1991,
    author = {Burguiere, André},
    title = {Paysages et Paysans},
    publisher = {},
    series = {},
    location = {Paris},
    year = 1991,
    pagetotal = {},
    language = {français},
    keywords = {book-crh, crh-1991}
    }

@book{Cerutti3822-1990,
    author = {Cerutti, Simona},
    title = {La ville et les métiers. Naissance d'un langage corporatif (Turin, 17e-18e siècles)},
    publisher = {},
    series = {},
    location = {Paris},
    year = 1990,
    pagetotal = {},
    language = {français},
    keywords = {book-crh, crh-1990}
    }

@book{Cerutti3827-1992,
    author = {Cerutti, Simona},
    title = {Mestieri e privilegi. Nascita delle corporazioni a Torino, secoli XVII-XVIII},
    publisher = {},
    series = {},
    location = {Turin},
    year = 1992,
    pagetotal = {},
    language = {italien},
    keywords = {book-crh, crh-1992}
    }

@book{Chapelot3829-1990,
    author = {Chapelot, Jean and E. Bonifay and J. Briard and M. Colardelle and J. Combier and Ch. Goudineau and J. Guilaine and J.-P. Mohen},
    title = {Archéologie de la France},
    publisher = {},
    series = {},
    location = {Paris},
    year = 1990,
    pagetotal = {},
    language = {français},
    keywords = {book-crh, crh-1990}
    }

@book{Chartier3838-1990,
    author = {Chartier, Roger},
    title = {Les origines culturelles de la Révolution française},
    publisher = {},
    series = {},
    location = {Paris},
    year = 1990,
    pagetotal = {},
    language = {français},
    keywords = {book-crh, crh-1990}
    }

@book{Chartier3839-1990,
    author = {Chartier, Roger},
    title = {Lesewelten. Buch und Lektüre in der frühen Neuzeit},
    publisher = {},
    series = {},
    location = {Francfort/New-York},
    year = 1990,
    pagetotal = {},
    language = {allemand},
    keywords = {book-crh, crh-1990}
    }

@book{Chartier3860-1992,
    author = {Chartier, Roger},
    title = {L'ordre des livres. Lecteurs, auteurs, bibliothèques en Europe entre XIVe et XVIIIe siècles},
    publisher = {},
    series = {},
    location = {Aix-en-Provence},
    year = 1992,
    pagetotal = {},
    language = {français},
    keywords = {book-crh, crh-1992}
    }

@book{Chartier3861-1992,
    author = {Chartier, Roger},
    title = {El Mundo como representacion. Estudios sobre historia cultural},
    publisher = {},
    series = {},
    location = {Barcelone},
    year = 1992,
    pagetotal = {},
    language = {espagnol},
    keywords = {book-crh, crh-1992}
    }

@book{Chartier3863-1992,
    author = {Chartier, Roger},
    title = {L'histoire culturelle de la lecture. Textes, livres, lectures},
    publisher = {},
    series = {},
    location = {Tokyo},
    year = 1992,
    pagetotal = {},
    language = {français},
    keywords = {book-crh, crh-1992}
    }

@book{Chartier3874-1993,
    author = {Chartier, Roger},
    title = {Pratiques de la lecture avec une orientation bibliographique 1985-1992},
    publisher = {},
    series = {},
    location = {Paris},
    year = 1993,
    pagetotal = {},
    language = {français},
    keywords = {book-crh, crh-1993}
    }

@book{Chaussinand3894-1990,
    author = {Chaussinand-Nogaret, Guy},
    title = {La vie quotidienne des femmes du roi},
    publisher = {},
    series = {},
    location = {Paris},
    year = 1990,
    pagetotal = {},
    language = {français},
    keywords = {book-crh, crh-1990}
    }

@book{Chaussinand3898-1993,
    author = {Chaussinand-Nogaret, Guy},
    title = {Le château de Versailles},
    publisher = {Complexe},
    series = {},
    location = {Bruxelles},
    year = 1993,
    pagetotal = {},
    language = {français},
    keywords = {book-crh, crh-1993}
    }

@book{Dakhlia3901-1990,
    author = {Dakhlia, Jocelyne},
    title = {L'Oubli de la cité},
    publisher = {},
    series = {},
    location = {Paris},
    year = 1990,
    pagetotal = {},
    language = {français},
    keywords = {book-crh, crh-1990}
    }

@book{Demelas3925-1992,
    author = {Demelas-Bohy, Marie-Daniele},
    title = {L'invention politique. Bolivie, Equateur, Pérou au XIXe siècle},
    publisher = {},
    series = {},
    location = {Paris},
    year = 1992,
    pagetotal = {},
    language = {français},
    keywords = {book-crh, crh-1992}
    }

@book{Demonet3929-1990,
    author = {Demonet, Michel},
    title = {Tableau de l'agriculture française en 1852},
    publisher = {},
    series = {},
    location = {Paris},
    year = 1990,
    pagetotal = {},
    language = {français},
    keywords = {book-crh, crh-1990}
    }

@book{Depeyrot3934-1991,
    author = {Depeyrot, Georges},
    title = {Crises et inflation entre Antiquité et Moyen-Age},
    publisher = {},
    series = {},
    location = {Paris},
    year = 1991,
    pagetotal = {},
    language = {français},
    keywords = {book-crh, crh-1991}
    }

@book{Depeyrot3953-1993,
    author = {Depeyrot, Georges},
    title = {Le numéraire carolingien, corpus des monnaies},
    publisher = {},
    series = {},
    location = {Paris},
    year = 1993,
    pagetotal = {},
    language = {français},
    keywords = {book-crh, crh-1993}
    }

@book{Dewerpe3977-1990,
    author = {Dewerpe, Alain and Y. Gaulupeau},
    title = {La fabrique des prolétaires. Les ouvriers de la manufacture d'Oberkampf à Jouy-en-Josas (1760-1815)},
    publisher = {},
    series = {},
    location = {Paris},
    year = 1990,
    pagetotal = {},
    language = {français},
    keywords = {book-crh, crh-1990}
    }

@book{Duchesne3987-1992,
    author = {Duchesne, Annie},
    title = {Le livre des merveilles, divertissement pour un empereur},
    publisher = {},
    series = {},
    location = {Paris},
    year = 1992,
    pagetotal = {},
    language = {français},
    keywords = {book-crh, crh-1992}
    }

@book{Farge4012-1992,
    author = {Farge, Arlette},
    title = {Dire et mal dire. L'opinion publique au XVIIIe siècle},
    publisher = {},
    series = {},
    location = {},
    year = 1992,
    pagetotal = {},
    language = {français},
    keywords = {book-crh, crh-1992}
    }

@book{Ferro4033-1990,
    author = {Ferro, Marc},
    title = {Les origines de la perestroïka},
    publisher = {},
    series = {},
    location = {Paris},
    year = 1990,
    pagetotal = {},
    language = {français},
    keywords = {book-crh, crh-1990}
    }

@book{Ferro4034-1990,
    author = {Ferro, Marc},
    title = {Nicolas II},
    publisher = {},
    series = {},
    location = {Paris},
    year = 1990,
    pagetotal = {},
    language = {français},
    keywords = {book-crh, crh-1990}
    }

@book{Ferro4035-1991,
    author = {Ferro, Marc},
    title = {Kak rasskazyvajut istoriju detjam v raznyh stranah mira},
    publisher = {},
    series = {},
    location = {Moscou},
    year = 1991,
    pagetotal = {},
    language = {russe},
    keywords = {book-crh, crh-1991}
    }

@book{Ferro4036-1991,
    author = {Ferro, Marc},
    title = {L'information en uniforme},
    publisher = {},
    series = {},
    location = {Paris},
    year = 1991,
    pagetotal = {},
    language = {français},
    keywords = {book-crh, crh-1991}
    }

@book{Ferro4041-1993,
    author = {Ferro, Marc},
    title = {La Grande Guerre 1914-1918},
    publisher = {},
    series = {},
    location = {Athènes},
    year = 1993,
    pagetotal = {},
    language = {français},
    keywords = {book-crh, crh-1993}
    }

@book{Ferro4042-1993,
    author = {Ferro, Marc},
    title = {Questions sur la IIe Guerre mondiale},
    publisher = {},
    series = {},
    location = {Paris},
    year = 1993,
    pagetotal = {},
    language = {français},
    keywords = {book-crh, crh-1993}
    }

@book{Ferro4044-1993,
    author = {Ferro, Marc},
    title = {L'Etat de toutes les Russie. Les Etats et les nations de l'URSS},
    publisher = {},
    series = {},
    location = {Paris},
    year = 1993,
    pagetotal = {},
    language = {français},
    keywords = {book-crh, crh-1993}
    }

@book{Fouche4051-1991,
    author = {Fouche, Nicole},
    title = {Le mouvement perpétuel, histoire de l'Hôpital américain de Paris des origines à nos jours},
    publisher = {},
    series = {},
    location = {Toulouse},
    year = 1991,
    pagetotal = {},
    language = {français},
    keywords = {book-crh, crh-1991}
    }

@book{Fouche4052-1992,
    author = {Fouche, Nicole},
    title = {Emigration alsacienne aux Etats-Unis, 1815-1870},
    publisher = {},
    series = {},
    location = {Paris},
    year = 1992,
    pagetotal = {},
    language = {français},
    keywords = {book-crh, crh-1992}
    }

@book{Froeschle4081-1991,
    author = {Froeschle-Chopard, Marie-Hélène},
    title = {Una biblioteca francese alla fine del XVIII secolo (Grasse)},
    publisher = {},
    series = {},
    location = {Florence},
    year = 1991,
    pagetotal = {},
    language = {italien},
    keywords = {book-crh, crh-1991}
    }

@book{Goldberg4103-1992,
    author = {Goldberg, Sylvie-Anne},
    title = {Olam (édition de Mark Zborowski et Elisabeth Herzog)},
    publisher = {},
    series = {},
    location = {Paris},
    year = 1992,
    pagetotal = {},
    language = {français},
    keywords = {book-crh, crh-1992}
    }

@book{Goldberg4105-1993,
    author = {Goldberg, Sylvie-Anne},
    title = {Dictionnaire Encyclopédique du Judaïsme. Esquisse de l'histoire du Peuple Juif},
    publisher = {Cerf},
    series = {},
    location = {Paris},
    year = 1993,
    pagetotal = {},
    language = {français},
    keywords = {book-crh, crh-1993}
    }

@book{Goubert4110-1991,
    author = {Goubert, Jean-Pierre},
    title = {Mizou no Seifokou (La conquête de l'eau)},
    publisher = {},
    series = {},
    location = {Tokyo},
    year = 1991,
    pagetotal = {},
    language = {japonais},
    keywords = {book-crh, crh-1991}
    }

@book{Goubert4111-1992,
    author = {Goubert, Jean-Pierre},
    title = {Médecins d'hier, médecins d'aujourd'hui. Le cas du docteur Lavergne (1756-1831)},
    publisher = {},
    series = {},
    location = {Paris},
    year = 1992,
    pagetotal = {},
    language = {français},
    keywords = {book-crh, crh-1992}
    }

@book{Jouhaud4204-1991,
    author = {Jouhaud, Christian},
    title = {La main de Richelieu ou le pouvoir cardinal},
    publisher = {},
    series = {},
    location = {Paris},
    year = 1991,
    pagetotal = {},
    language = {français},
    keywords = {book-crh, crh-1991}
    }

@book{Julliard4230-1990,
    author = {Julliard, Jacques},
    title = {Le génie de la liberté},
    publisher = {},
    series = {},
    location = {Paris},
    year = 1990,
    pagetotal = {},
    language = {français},
    keywords = {book-crh, crh-1990}
    }

@book{Klapisch4243-1990,
    author = {Klapisch-Zuber, Christiane},
    title = {La maison et le nom. Stratégies et rituels dans l'Italie de la Renaissance},
    publisher = {},
    series = {},
    location = {Paris},
    year = 1990,
    pagetotal = {},
    language = {français},
    keywords = {book-crh, crh-1990}
    }

@book{LeBras4264-1991,
    author = {Le Bras, Hervé},
    title = {Marianne et les lapins : l'obsession démographique},
    publisher = {},
    series = {},
    location = {Paris},
    year = 1991,
    pagetotal = {},
    language = {français},
    keywords = {book-crh, crh-1991}
    }

@book{LeBras4276-1993,
    author = {Le Bras, Hervé},
    title = {La planète au village},
    publisher = {},
    series = {},
    location = {Paris},
    year = 1993,
    pagetotal = {},
    language = {français},
    keywords = {book-crh, crh-1993}
    }

@book{Martin4360-1990,
    author = {Martin-Fugier, Anne},
    title = {La vie élégante ou la formation du Tout-Paris, 1815-1848},
    publisher = {},
    series = {},
    location = {Paris},
    year = 1990,
    pagetotal = {},
    language = {français},
    keywords = {book-crh, crh-1990}
    }

@book{Martin4363-1992,
    author = {Martin-Fugier, Anne},
    title = {La vie quotidienne de Louis-Philippe et de sa famille, 1830-1848},
    publisher = {},
    series = {},
    location = {Paris},
    year = 1992,
    pagetotal = {},
    language = {français},
    keywords = {book-crh, crh-1992}
    }

@book{Mouradian4367-1990,
    author = {Mouradian, Claire},
    title = {De Staline à Gorbatchev, l'histoire d'une république soviétique : l'Arménie},
    publisher = {},
    series = {},
    location = {Paris},
    year = 1990,
    pagetotal = {},
    language = {français},
    keywords = {book-crh, crh-1990}
    }

@book{Ozouf4386-1990,
    author = {Ozouf, Mona and F. Furet},
    title = {Terminer la Révolution, Mounier et Barnave dans la Révolution française},
    publisher = {},
    series = {},
    location = {Grenoble},
    year = 1990,
    pagetotal = {181},
    language = {français},
    keywords = {book-crh, crh-1990}
    }

@book{Ozouf4389-1992,
    author = {Ozouf, Mona and J. Ozouf},
    title = {La République des Instituteurs},
    publisher = {EHESS/Gallimard/Seuil},
    series = {},
    location = {Paris},
    year = 1992,
    pagetotal = {389},
    language = {français},
    keywords = {book-crh, crh-1992}
    }

@book{Ozouf4394-1993,
    author = {Ozouf, Mona and F. Furet},
    title = {L'idea di republica nell'Europa moderna},
    publisher = {},
    series = {},
    location = {},
    year = 1993,
    pagetotal = {397},
    language = {italien},
    keywords = {book-crh, crh-1993}
    }

@book{Ozouf4395-1993,
    author = {Ozouf, Mona and F. Furet},
    title = {Le siècle de l'avènement républicain},
    publisher = {},
    series = {},
    location = {},
    year = 1993,
    pagetotal = {478},
    language = {français},
    keywords = {book-crh, crh-1993}
    }

@book{Ozouf4396-1992,
    author = {Ozouf-Marignier, Marie-Vic},
    title = {La formation des départements. La représentation du territoire français à la fin du 18e siècle. bibliographie augmentée},
    publisher = {},
    series = {},
    location = {Paris},
    year = 1992,
    pagetotal = {},
    language = {français},
    keywords = {book-crh, crh-1992}
    }

@book{PoloDeBeaulieu4433-1991,
    author = {Polo De Beaulieu, Marie-Anne},
    title = {La Scala coeli de Jean Gobi},
    publisher = {},
    series = {},
    location = {Paris},
    year = 1991,
    pagetotal = {},
    language = {français},
    keywords = {book-crh, crh-1991}
    }

@book{Pomian4444-1990,
    author = {Pomian, Krzysztof},
    title = {L'Europe et ses nations},
    publisher = {},
    series = {},
    location = {Paris},
    year = 1990,
    pagetotal = {},
    language = {français},
    keywords = {book-crh, crh-1990}
    }

@book{Pomian4446-1990,
    author = {Pomian, Krzysztof},
    title = {El orden del tiempo},
    publisher = {},
    series = {},
    location = {Madrid},
    year = 1990,
    pagetotal = {},
    language = {espagnol},
    keywords = {book-crh, crh-1990}
    }

@book{Pomian4447-1990,
    author = {Pomian, Krzysztof},
    title = {De oorsprong van het museum. Over het verzamelen},
    publisher = {Heerlen},
    series = {},
    location = {De Voorstad},
    year = 1990,
    pagetotal = {},
    language = {hollandais},
    keywords = {book-crh, crh-1990}
    }

@book{Pomian4471-1992,
    author = {Pomian, Krzysztof},
    title = {Europa i jej narody (L'Europe et ses nations)},
    publisher = {},
    series = {},
    location = {Varsovie},
    year = 1992,
    pagetotal = {},
    language = {polonais},
    keywords = {book-crh, crh-1992}
    }

@book{Prochasson4492-1990,
    author = {Prochasson, Christophe and J.-M. Goulemot and D. Lindenberg and P. Ory},
    title = {Dernières questions aux intellectuels et quatre essais pour y répondre},
    publisher = {},
    series = {},
    location = {Paris},
    year = 1990,
    pagetotal = {},
    language = {français},
    keywords = {book-crh, crh-1990}
    }

@book{Prochasson4494-1991,
    author = {Prochasson, Christophe},
    title = {Les années électriques, 1880-1910},
    publisher = {},
    series = {},
    location = {Paris},
    year = 1991,
    pagetotal = {},
    language = {français},
    keywords = {book-crh, crh-1991}
    }

@book{Prochasson4502-1993,
    author = {Prochasson, Christophe},
    title = {Les intellectuels, le socialisme et la guerre, 1900-1938},
    publisher = {},
    series = {},
    location = {Paris},
    year = 1993,
    pagetotal = {},
    language = {français},
    keywords = {book-crh, crh-1993}
    }

@book{Revel4515-1990,
    author = {Revel, Jacques},
    title = {A invençao da Sociedade, França Moderna},
    publisher = {},
    series = {},
    location = {Lisbonne},
    year = 1990,
    pagetotal = {},
    language = {portugais},
    keywords = {book-crh, crh-1990}
    }

@book{Revel4521-1991,
    author = {Revel, Jacques and A. Farge},
    title = {The Rules of Rebellion. Child Abductions in Paris in 1750},
    publisher = {},
    series = {},
    location = {Oxford},
    year = 1991,
    pagetotal = {},
    language = {anglais},
    keywords = {book-crh, crh-1991}
    }

@book{Rucquoi4551-1993,
    author = {Rucquoi, Adeline},
    title = {Valladolid au Moyen-Age},
    publisher = {},
    series = {},
    location = {Paris},
    year = 1993,
    pagetotal = {},
    language = {français},
    keywords = {book-crh, crh-1993}
    }

@book{Rucquoi4552-1993,
    author = {Rucquoi, Adeline},
    title = {Histoire médiévale de la Péninsule ibérique},
    publisher = {},
    series = {},
    location = {Paris},
    year = 1993,
    pagetotal = {},
    language = {français},
    keywords = {book-crh, crh-1993}
    }

@book{Schmitt4577-1990,
    author = {Schmitt, Jean-Claude},
    title = {La raison des gestes dans l'Occident médiéval},
    publisher = {},
    series = {},
    location = {Paris},
    year = 1990,
    pagetotal = {},
    language = {français},
    keywords = {book-crh, crh-1990}
    }

@book{Schmitt4585-1992,
    author = {Schmitt, Jean-Claude},
    title = {Medioevo superstizioso},
    publisher = {},
    series = {},
    location = {Bari},
    year = 1992,
    pagetotal = {},
    language = {italien},
    keywords = {book-crh, crh-1992}
    }

@book{Schmitt4586-1992,
    author = {Schmitt, Jean-Claude},
    title = {Historia de la supersticion},
    publisher = {},
    series = {},
    location = {Madrid},
    year = 1992,
    pagetotal = {},
    language = {espagnol},
    keywords = {book-crh, crh-1992}
    }

@book{Schmitt4587-1993,
    author = {Schmitt, Jean-Claude},
    title = {Heidenspass und Höllenangst. Aberglaube im Mittelalter},
    publisher = {},
    series = {},
    location = {Francfort},
    year = 1993,
    pagetotal = {},
    language = {allemand},
    keywords = {book-crh, crh-1993}
    }

@book{Schmitt4606-1993,
    author = {Schmitt, Jean-Claude},
    title = {Thésaurus des images médiévales pour la constitution de bases de données iconographiques},
    publisher = {EHESS},
    series = {},
    location = {Paris},
    year = 1993,
    pagetotal = {183},
    language = {français},
    keywords = {book-crh, crh-1993}
    }

@book{Schnapper4615-1991,
    author = {Schnapper, Dominique},
    title = {La France de l'intégration, sociologie de la nation en 1990},
    publisher = {},
    series = {},
    location = {Paris},
    year = 1991,
    pagetotal = {},
    language = {français},
    keywords = {book-crh, crh-1991}
    }

@book{Schnapper4617-1992,
    author = {Schnapper, Dominique},
    title = {L'Europe des immigrés, essai sur les politiques d'immigration},
    publisher = {},
    series = {},
    location = {Paris},
    year = 1992,
    pagetotal = {},
    language = {français},
    keywords = {book-crh, crh-1992}
    }

@book{Seitz4632-1993,
    author = {Seitz, Frédéric},
    title = {Construire en acier},
    publisher = {},
    series = {},
    location = {Paris},
    year = 1993,
    pagetotal = {},
    language = {français},
    keywords = {book-crh, crh-1993}
    }

@book{Tenenti4664-1990,
    author = {Tenenti, Alberto},
    title = {L'éta moderna},
    publisher = {},
    series = {},
    location = {Bologne},
    year = 1990,
    pagetotal = {},
    language = {italien},
    keywords = {book-crh, crh-1990}
    }

@book{Tenenti4676-1992,
    author = {Tenenti, Alberto},
    title = {El Renacimiento},
    publisher = {},
    series = {},
    location = {Barcelone},
    year = 1992,
    pagetotal = {},
    language = {italien},
    keywords = {book-crh, crh-1992}
    }

@book{Tenenti4678-1992,
    author = {Tenenti, Alberto},
    title = {Storia di Venezia},
    publisher = {},
    series = {},
    location = {Rome},
    year = 1992,
    pagetotal = {},
    language = {italien},
    keywords = {book-crh, crh-1992}
    }

@book{Valensi4694-1991,
    author = {Valensi, Lucette and N. Wachtel},
    title = {Jewish Memories},
    publisher = {},
    series = {},
    location = {},
    year = 1991,
    pagetotal = {},
    language = {anglais},
    keywords = {book-crh, crh-1991}
    }

@book{Valensi4695-1992,
    author = {Valensi, Lucette},
    title = {Fables de la mémoire},
    publisher = {},
    series = {},
    location = {Paris},
    year = 1992,
    pagetotal = {},
    language = {français},
    keywords = {book-crh, crh-1992}
    }

@book{Valensi4698-1993,
    author = {Valensi, Lucette},
    title = {The Birth of the Despot},
    publisher = {},
    series = {},
    location = {Ithaca-New-York},
    year = 1993,
    pagetotal = {},
    language = {anglais},
    keywords = {book-crh, crh-1993}
    }

@book{Velay4704-1992,
    author = {Velay-Vallantin, Catherine},
    title = {L'Histoire des contes},
    publisher = {},
    series = {},
    location = {Paris},
    year = 1992,
    pagetotal = {},
    language = {français},
    keywords = {book-crh, crh-1992}
    }

@book{Velay4705-1992,
    author = {Velay-Vallantin, Catherine},
    title = {La fille en garçon},
    publisher = {},
    series = {},
    location = {Carcassonne},
    year = 1992,
    pagetotal = {},
    language = {français},
    keywords = {book-crh, crh-1992}
    }

@book{Vincent4715-1991,
    author = {Vincent, Bernard},
    title = {1492 l'année admirable},
    publisher = {},
    series = {},
    location = {Paris},
    year = 1991,
    pagetotal = {},
    language = {français},
    keywords = {book-crh, crh-1991}
    }

@book{Béaur4759-1994,
    author = {Béaur, Gérard},
    title = {L'Immobilier et la Révolution. Marché de la pierre et mutations urbaines 1770-1810},
    publisher = {Armand Colin},
    series = {},
    location = {Paris},
    year = 1994,
    pagetotal = {},
    language = {français},
    keywords = {book-crh, crh-1994}
    }

@book{Benoît4770-1995,
    author = {Benoît, Serge and J. Eidelman and G. Gablot and al.},
    title = {Parcours culturels à travers la recherche scientifique sur la Montagne Sainte-Geneviève, Promenade historique},
    publisher = {Musée Curie},
    series = {},
    location = {Paris},
    year = 1995,
    pagetotal = {},
    language = {français},
    keywords = {book-crh, crh-1995}
    }

@book{Bergeron4775-1996,
    author = {Bergeron, Louis and G. Dorel-Ferré},
    title = {Le Patrimoine industriel. Un nouveau territoire},
    publisher = {},
    series = {},
    location = {Paris},
    year = 1996,
    pagetotal = {},
    language = {français},
    keywords = {book-crh, crh-1996}
    }

@book{Berlioz4778-1994,
    author = {Berlioz, Jacques},
    title = {Tuez-les tous Dieu reconnaîtra les siens. Le massacre de Béziers et la croisade des Albigeois vus par Césaire de Heisterbach},
    publisher = {Loubatières},
    series = {},
    location = {Portet-sur-Garonne},
    year = 1994,
    pagetotal = {},
    language = {français},
    keywords = {book-crh, crh-1994}
    }

@book{Berlioz4793-1996,
    author = {Berlioz, Jacques},
    title = {Le Commentaire de documents en histoire médiévale},
    publisher = {Seuil},
    series = {Point mémo},
    location = {Paris},
    year = 1996,
    pagetotal = {},
    language = {français},
    keywords = {book-crh, crh-1996}
    }

@book{Boureau4844-1995,
    author = {Boureau, Alain},
    title = {Le Droit de cuissage. Histoire de la fabrication d'un mythe (XIIIème-XXème siècles)},
    publisher = {Albin Michel ("L'Evolution de l'humanité")},
    series = {},
    location = {Paris},
    year = 1995,
    pagetotal = {},
    language = {français},
    keywords = {book-crh, crh-1995}
    }

@book{Chapelot4881-1997,
    author = {Chapelot, Jean},
    title = {Le Château de Vincennes, une résidence royale au Moyen Age},
    publisher = {CNRS et Caisse nationale des monuments historiques et des sites},
    series = {Patrimoine au présent},
    location = {Paris},
    year = 1997,
    pagetotal = {124},
    language = {français},
    keywords = {book-crh, crh-1997}
    }

@book{Chapelot4883-1994,
    author = {Chapelot, Jean and I. Cabillic},
    title = {Le Château de Vincennes},
    publisher = {Editions Ouest-France/Caisse nationale des monuments historiques et des sites/Ministère de la Défense},
    series = {},
    location = {Rennes/Paris},
    year = 1994,
    pagetotal = {},
    language = {français},
    keywords = {book-crh, crh-1994}
    }

@book{Chapelot4887-1997,
    author = {Chapelot, Jean and E. Rieth},
    title = {Navigation et milieu fluvial au XIe siècle. L'épave d'Orlac (Charente-Maritime)},
    publisher = {},
    series = {},
    location = {},
    year = 1997,
    pagetotal = {},
    language = {français},
    keywords = {book-crh, crh-1997}
    }

@book{Chartier4900-1994,
    author = {Chartier, Roger},
    title = {A Ordem dos livros. Leitores, autores e bibliortecas na Europa entre os séculos XIV e XVIII},
    publisher = {Editora Universidade de Brasília},
    series = {},
    location = {Brasília},
    year = 1994,
    pagetotal = {},
    language = {portugais},
    keywords = {book-crh, crh-1994}
    }

@book{Chartier4901-1994,
    author = {Chartier, Roger},
    title = {El orden de los libros, Lectores, autores y bibliotecas en Europa entre los siglos XIV y XVIII},
    publisher = {Gedisa Editorial},
    series = {},
    location = {Barcelona},
    year = 1994,
    pagetotal = {},
    language = {espagnol},
    keywords = {book-crh, crh-1994}
    }

@book{Chartier4904-1994,
    author = {Chartier, Roger},
    title = {L'Histoire aujourd'hui : doutes, défis, propositions},
    publisher = {Université de Valence},
    series = {},
    location = {Valence},
    year = 1994,
    pagetotal = {24},
    language = {français},
    keywords = {book-crh, crh-1994}
    }

@book{Chartier4905-1994,
    author = {Chartier, Roger},
    title = {Culture populaire. Retour sur un concept historiographique},
    publisher = {Université de Valence},
    series = {},
    location = {Valence},
    year = 1994,
    pagetotal = {19},
    language = {français},
    keywords = {book-crh, crh-1994}
    }

@book{Chartier4924-1995,
    author = {Chartier, Roger},
    title = {Forms and Meanings. Texts, Performances, and Audiences from Codex to Computer},
    publisher = {University of Pennsylvania Press},
    series = {},
    location = {Philadelphie},
    year = 1995,
    pagetotal = {},
    language = {anglais},
    keywords = {book-crh, crh-1995}
    }

@book{Chartier4925-1995,
    author = {Chartier, Roger},
    title = {Sociedad y escritura en la Edad moderna. La cultura como apropiacíon},
    publisher = {Instituto Mora},
    series = {},
    location = {México},
    year = 1995,
    pagetotal = {},
    language = {espagnol},
    keywords = {book-crh, crh-1995}
    }

@book{Chartier4926-1995,
    author = {Chartier, Roger},
    title = {Böckernas ordning. Läsare, författare och bibliotek i Europa mellan 1300-tal och 1700-tal},
    publisher = {Anamma},
    series = {},
    location = {Göteborg},
    year = 1995,
    pagetotal = {},
    language = {suédois},
    keywords = {book-crh, crh-1995}
    }

@book{Chartier4928-1995,
    author = {Chartier, Roger},
    title = {Espacio público, crítica y desacralización en el siglo XVIII. Los},
    publisher = {Editorial Gedisa},
    series = {},
    location = {Barcelone},
    year = 1995,
    pagetotal = {},
    language = {espagnol},
    keywords = {book-crh, crh-1995}
    }

@book{Chartier4953-1996,
    author = {Chartier, Roger},
    title = {Culture écrite et société. L'ordre des livres (XIVe-XVIIIe siècles)},
    publisher = {Albin Michel},
    series = {},
    location = {Paris},
    year = 1996,
    pagetotal = {},
    language = {français},
    keywords = {book-crh, crh-1996}
    }

@book{Chartier4954-1996,
    author = {Chartier, Roger},
    title = {Textes, "performances", publics},
    publisher = {Université Lumière},
    series = {Groupe de Recherche sur la socialisation. Cahiers de Recherche n° 16},
    location = {Lyon},
    year = 1996,
    pagetotal = {},
    language = {français},
    keywords = {book-crh, crh-1996}
    }

@book{Chartier4955-1996,
    author = {Chartier, Roger},
    title = {Foucault lector de Foucault},
    publisher = {Université de Valence},
    series = {},
    location = {Valence},
    year = 1996,
    pagetotal = {18},
    language = {espagnol},
    keywords = {book-crh, crh-1996}
    }

@book{Chartier4975-1997,
    author = {Chartier, Roger},
    title = {On the Edge of the Cliff. History, Language, and Practices},
    publisher = {The Johns Hopkins University Press},
    series = {},
    location = {Baltimore et Londres},
    year = 1997,
    pagetotal = {},
    language = {anglais},
    keywords = {book-crh, crh-1997}
    }

@book{Chaussinand4986-1994,
    author = {Chaussinand-Nogaret, Guy},
    title = {Le Citoyen des Lumières},
    publisher = {},
    series = {},
    location = {Bruxelles},
    year = 1994,
    pagetotal = {},
    language = {français},
    keywords = {book-crh, crh-1994}
    }

@book{Chaussinand4987-1994,
    author = {Chaussinand-Nogaret, Guy},
    title = {Voltaire et le siècle des Lumières},
    publisher = {},
    series = {},
    location = {Bruxelles},
    year = 1994,
    pagetotal = {},
    language = {français},
    keywords = {book-crh, crh-1994}
    }

@book{Dauphin5005-1995,
    author = {Dauphin-Memeteau, Cécile and P. Lebrun-Pézerat and D. Poublan},
    title = {Ces bonnes lettres. Une correspondance familiale au XIXe siècle},
    publisher = {Albin Michel},
    series = {},
    location = {Paris},
    year = 1995,
    pagetotal = {},
    language = {français},
    keywords = {book-crh, crh-1995}
    }

@book{Depeyrot5026-1994,
    author = {Depeyrot, Georges},
    title = {Richesse et société chez les Mérovingiens et Carolingiens},
    publisher = {Errance},
    series = {},
    location = {Paris},
    year = 1994,
    pagetotal = {},
    language = {français},
    keywords = {book-crh, crh-1994}
    }

@book{Depeyrot5027-1994,
    author = {Depeyrot, Georges and S. Bourgey},
    title = {Le premier siècle, Fonds Bourgey, (collections numismatiques)},
    publisher = {Errance},
    series = {},
    location = {Paris},
    year = 1994,
    pagetotal = {},
    language = {français},
    keywords = {book-crh, crh-1994}
    }

@book{Depeyrot5032-1995,
    author = {Depeyrot, Georges},
    title = {Les Monnaies d'or de Dioclétien à Constantin (284-337)},
    publisher = {},
    series = {},
    location = {Wetteren},
    year = 1995,
    pagetotal = {},
    language = {français},
    keywords = {book-crh, crh-1995}
    }

@book{Depeyrot5033-1995,
    author = {Depeyrot, Georges},
    title = {Histoire de la monnaie des origines au 18e siècle, Tome I, Introduction, de l'antiquité au treizième siècle},
    publisher = {},
    series = {},
    location = {Wetteren},
    year = 1995,
    pagetotal = {},
    language = {français},
    keywords = {book-crh, crh-1995}
    }

@book{Depeyrot5046-1996,
    author = {Depeyrot, Georges},
    title = {Histoire de la monnaie des origines au 18e siècle, Tome II, Du quatorzième au seizième siècle},
    publisher = {},
    series = {},
    location = {Wetteren},
    year = 1996,
    pagetotal = {},
    language = {français},
    keywords = {book-crh, crh-1996}
    }

@book{Depeyrot5047-1996,
    author = {Depeyrot, Georges},
    title = {Histoire de la monnaie des origines au 18e siècle, Tome III, Les seizième et dix-septième siècles},
    publisher = {},
    series = {},
    location = {Wetteren},
    year = 1996,
    pagetotal = {},
    language = {français},
    keywords = {book-crh, crh-1996}
    }

@book{Depeyrot5049-1996,
    author = {Depeyrot, Georges},
    title = {Les Monnaies d'or de Constantin II à Zénon (337-491)},
    publisher = {},
    series = {},
    location = {Wetteren},
    year = 1996,
    pagetotal = {},
    language = {français},
    keywords = {book-crh, crh-1996}
    }

@book{Descimon5071-1996,
    author = {Descimon, Robert and Ch. Jouhaud},
    title = {La France du premier XVIIe siècle},
    publisher = {},
    series = {},
    location = {Paris},
    year = 1996,
    pagetotal = {},
    language = {français},
    keywords = {book-crh, crh-1996}
    }

@book{Dewerpe5081-1994,
    author = {Dewerpe, Alain},
    title = {Espion. Une Anthropologie historique du secret d'Etat contemporain},
    publisher = {Gallimard},
    series = {Bibliothèque des Histoires},
    location = {Paris},
    year = 1994,
    pagetotal = {},
    language = {français},
    keywords = {book-crh, crh-1994}
    }

@book{Farge5117-1994,
    author = {Farge, Arlette},
    title = {Le Cours ordinaire des choses dans la cité du XVIIIe siècle},
    publisher = {Librairie du XXe siècle},
    series = {},
    location = {Seuil},
    year = 1994,
    pagetotal = {},
    language = {français},
    keywords = {book-crh, crh-1994}
    }

@book{Farge5125-1996,
    author = {Farge, Arlette},
    title = {Les Fatigues de la Guerre. Watteau. XVIIIe siècle},
    publisher = {Gallimard},
    series = {},
    location = {Paris},
    year = 1996,
    pagetotal = {},
    language = {français},
    keywords = {book-crh, crh-1996}
    }

@book{Fontaine5136-1996,
    author = {Fontaine, Laurence},
    title = {History of peddlers in Europe (XVe-XIXe siècles)},
    publisher = {Polity Press/Duke University Press},
    series = {},
    location = {Cambridge},
    year = 1996,
    pagetotal = {},
    language = {anglais},
    keywords = {book-crh, crh-1996}
    }

@book{Fouché5156-1994,
    author = {Fouché, Nicole and A. Higbee},
    title = {The American Chamber of Commerce in France Centennial},
    publisher = {ACCF},
    series = {},
    location = {Paris},
    year = 1994,
    pagetotal = {},
    language = {anglais},
    keywords = {book-crh, crh-1994}
    }

@book{Fridenson5168-1995,
    author = {Fridenson, Patrick and M. Lévy-Leboyer and V. Rostas},
    title = {Une Entreprise dans le siècle. Histoire du groupe Thomson},
    publisher = {Campus Thomson},
    series = {},
    location = {Jouy-en-Josas},
    year = 1995,
    pagetotal = {},
    language = {français},
    keywords = {book-crh, crh-1995}
    }

@book{Giard5189-1996,
    author = {Giard, Luce},
    title = {Les Jésuites à l'âge baroque 1540-1640},
    publisher = {},
    series = {},
    location = {Grenoble},
    year = 1996,
    pagetotal = {},
    language = {français},
    keywords = {book-crh, crh-1996}
    }

@book{Goldberg5204-1996,
    author = {Goldberg, Sylvie-Anne},
    title = {Crossing the Jabbok. Illness and Death in Ashkenazi Judaism in Sixteenth through Nineteent Century Prague},
    publisher = {University of California Press},
    series = {},
    location = {Berkeley/Los Angeles},
    year = 1996,
    pagetotal = {},
    language = {anglais},
    keywords = {book-crh, crh-1996}
    }

@book{Green5217-1997,
    author = {Green, Nancy},
    title = {La Mode en Production : Confection et Immigration},
    publisher = {},
    series = {},
    location = {},
    year = 1997,
    pagetotal = {},
    language = {français},
    keywords = {book-crh, crh-1997}
    }

@book{Green5218-1994,
    author = {Green, Nancy},
    title = {Et ils peuplèrent l'Amérique},
    publisher = {Gallimard},
    series = {collection "Découvertes"},
    location = {Paris},
    year = 1994,
    pagetotal = {},
    language = {français},
    keywords = {book-crh, crh-1994}
    }

@book{Grenier5224-1996,
    author = {Grenier, Jean-Yves},
    title = {L'Économie d'Ancien Régime. Une économie de l'échange et de l'incertitude},
    publisher = {Albin Michel},
    series = {collection "L'évolution de l'humanité"},
    location = {Paris},
    year = 1996,
    pagetotal = {},
    language = {français},
    keywords = {book-crh, crh-1996}
    }

@book{Hartog5240-1996,
    author = {Hartog, François},
    title = {Mémoire d'Ulysse, Récits sur la frontière en Grèce ancienne},
    publisher = {Gallimard},
    series = {},
    location = {Paris},
    year = 1996,
    pagetotal = {},
    language = {français},
    keywords = {book-crh, crh-1996}
    }

@book{Jorland5245-1995,
    author = {Jorland, Gérard},
    title = {Les Paradoxes du Capital},
    publisher = {Odile Jacob},
    series = {},
    location = {Paris},
    year = 1995,
    pagetotal = {},
    language = {français},
    keywords = {book-crh, crh-1995}
    }

@book{Jouhaud5251-1996,
    author = {Jouhaud, Christian and R. Descimon},
    title = {La France du premier XVIIe siècle : une histoire politique},
    publisher = {Belin},
    series = {},
    location = {Paris},
    year = 1996,
    pagetotal = {},
    language = {français},
    keywords = {book-crh, crh-1996}
    }

@book{Julliard5266-1994,
    author = {Julliard, Jacques},
    title = {Ce fascisme qui vient},
    publisher = {},
    series = {},
    location = {Paris},
    year = 1994,
    pagetotal = {},
    language = {français},
    keywords = {book-crh, crh-1994}
    }

@book{Julliard5270-1995,
    author = {Julliard, Jacques and Cl. Imbert},
    title = {La Droite et la gauche},
    publisher = {},
    series = {},
    location = {Paris},
    year = 1995,
    pagetotal = {},
    language = {français},
    keywords = {book-crh, crh-1995}
    }

@book{Julliard5271-1995,
    author = {Julliard, Jacques},
    title = {L'Année des dupes},
    publisher = {},
    series = {},
    location = {Paris},
    year = 1995,
    pagetotal = {},
    language = {français},
    keywords = {book-crh, crh-1995}
    }

@book{Julliard5272-1995,
    author = {Julliard, Jacques},
    title = {Pour la Bosnie},
    publisher = {},
    series = {},
    location = {Paris},
    year = 1995,
    pagetotal = {},
    language = {français},
    keywords = {book-crh, crh-1995}
    }

@book{Klapisch5277-1995,
    author = {Klapisch-Zuber, Christiane},
    title = {Das Haus, der Name, der Brautschatz. Strategien und Rituale im gesellschaftlichen Leben der Renaissance},
    publisher = {Campus},
    series = {},
    location = {Francfort},
    year = 1995,
    pagetotal = {},
    language = {allemand},
    keywords = {book-crh, crh-1995}
    }

@book{LeBras5299-1994,
    author = {Le Bras, Hervé},
    title = {Le Sol et le sang},
    publisher = {},
    series = {},
    location = {Paris},
    year = 1994,
    pagetotal = {},
    language = {français},
    keywords = {book-crh, crh-1994}
    }

@book{LeBras5300-1994,
    author = {Le Bras, Hervé},
    title = {Les Limites de la planète : mythe de la nature et de la population},
    publisher = {Flammarion},
    series = {},
    location = {Paris},
    year = 1994,
    pagetotal = {},
    language = {français},
    keywords = {book-crh, crh-1994}
    }

@book{LeBras5307-1995,
    author = {Le Bras, Hervé},
    title = {Methodology used in the estimation and projection of adult illiteracy},
    publisher = {Unesco série Statistical issues STE-16 et STE-18},
    series = {},
    location = {Paris},
    year = 1995,
    pagetotal = {},
    language = {anglais},
    keywords = {book-crh, crh-1995}
    }

@book{LeBras5314-1996,
    author = {Le Bras, Hervé},
    title = {Le peuplement de l'Europe},
    publisher = {La Documentation Française},
    series = {},
    location = {Paris},
    year = 1996,
    pagetotal = {},
    language = {français},
    keywords = {book-crh, crh-1996}
    }

@book{LeRoyLadurie5342-1995,
    author = {Le Roy Ladurie, Emmanuel},
    title = {Le Siècle des Platter, (1499-1628), Le Mendiant et le professeur},
    publisher = {},
    series = {},
    location = {},
    year = 1995,
    pagetotal = {},
    language = {français},
    keywords = {book-crh, crh-1995}
    }

@book{Milo5354-1996,
    author = {Milo, Daniel},
    title = {Pour Narcisse. Traité de l'amour impartial},
    publisher = {Chez l'auteur},
    series = {},
    location = {Paris},
    year = 1996,
    pagetotal = {},
    language = {français},
    keywords = {book-crh, crh-1996}
    }

@book{Mouradian5369-1996,
    author = {Mouradian, Claire},
    title = {La C.E.I., un nouvel acteur sur la scène internationale},
    publisher = {La Documentation Française},
    series = {collection Problèmes Politiques et Sociaux, série 'Russie' n° 760)},
    location = {Paris},
    year = 1996,
    pagetotal = {},
    language = {français},
    keywords = {book-crh, crh-1996}
    }

@book{Netter5371-1996,
    author = {Netter, Marie-Laurence and E. Kennedy and J. P. Mc Gregor and M. V. Olsen},
    title = {Theatre, Opera, and Audiences in Revolutionary Paris. Analysis and Repertory},
    publisher = {Grenwood Press},
    series = {},
    location = {Connecticut},
    year = 1996,
    pagetotal = {},
    language = {anglais},
    keywords = {book-crh, crh-1996}
    }

@book{Noiriel5384-1996,
    author = {Noiriel, Gérard},
    title = {The French Melting Pot. Immigration, Citizenship and National Identity},
    publisher = {},
    series = {},
    location = {},
    year = 1996,
    pagetotal = {},
    language = {anglais},
    keywords = {book-crh, crh-1996}
    }

@book{Noiriel5385-1996,
    author = {Noiriel, Gérard},
    title = {Sur la 'crise' de l'histoire},
    publisher = {Belin},
    series = {coll. "Socio-Histoires"},
    location = {Paris},
    year = 1996,
    pagetotal = {},
    language = {français},
    keywords = {book-crh, crh-1996}
    }

@book{Nordman5387-1996,
    author = {Nordman, Daniel},
    title = {Profils du Maghreb. Frontières, figures et territoires (XVIIIe-XXe siècle)},
    publisher = {Publications de la Faculté des Lettres et des Sciences Humaines},
    series = {},
    location = {Rabat},
    year = 1996,
    pagetotal = {},
    language = {français},
    keywords = {book-crh, crh-1996}
    }

@book{Ozouf5399-1997,
    author = {Ozouf, Mona},
    title = {Les Mots des Femmes, Essai sur la singularité française,},
    publisher = {Fayard},
    series = {},
    location = {Paris},
    year = 1997,
    pagetotal = {399},
    language = {français},
    keywords = {book-crh, crh-1997}
    }

@book{Pomian5435-1994,
    author = {Pomian, Krzysztof and J. Giedroyc},
    title = {Autobiografia na cztery rece (Autobiographie pour quatre mains)},
    publisher = {Czytelnik},
    series = {},
    location = {Varsovie},
    year = 1994,
    pagetotal = {1},
    language = {polonais},
    keywords = {book-crh, crh-1994}
    }

@book{Pomian5450-1996,
    author = {Pomian, Krzysztof},
    title = {Drogi kultury europejskiej. Trzy studia},
    publisher = {Polska Akademia Nauk Instytut Filozofii i Socjologii},
    series = {},
    location = {Varsovie},
    year = 1996,
    pagetotal = {},
    language = {polonais},
    keywords = {book-crh, crh-1996}
    }

@book{Pomian5451-1997,
    author = {Pomian, Krzysztof},
    title = {Zbieracze i osobliwosci Paryz-Wenecja XVI-XVIII wiek},
    publisher = {},
    series = {},
    location = {},
    year = 1997,
    pagetotal = {},
    language = {polonais},
    keywords = {book-crh, crh-1997}
    }

@book{Poublan5460-1995,
    author = {Poublan, Danièle and C. Dauphin-Memeteau and P. Lebrun-Pèzerat},
    title = {Ces bonnes lettres. Une correspondance familiale au XIXe siècle},
    publisher = {Albin Michel},
    series = {},
    location = {Paris},
    year = 1995,
    pagetotal = {},
    language = {français},
    keywords = {book-crh, crh-1995}
    }

@book{Prochasson5468-1994,
    author = {Prochasson, Christophe and O. Wieviorka},
    title = {La France du XXe siècle. Documents d'histoire},
    publisher = {Seuil},
    series = {collection "Points-Histoire"},
    location = {Paris},
    year = 1994,
    pagetotal = {},
    language = {français},
    keywords = {book-crh, crh-1994}
    }

@book{Prochasson5476-1996,
    author = {Prochasson, Christophe and A. Rasmussen},
    title = {Au Nom de la Patrie. Les intellectuels et la Première guerre mondiale, 1910},
    publisher = {La Découverte},
    series = {},
    location = {Paris},
    year = 1996,
    pagetotal = {},
    language = {français},
    keywords = {book-crh, crh-1996}
    }

@book{Scherrer5514-1996,
    author = {Scherrer, Jutta},
    title = {Requiem für den Roten Oktober. Die russische Intelligenzija im Umbruch},
    publisher = {Leipziger Universitätsverlag},
    series = {},
    location = {Leipzig},
    year = 1996,
    pagetotal = {},
    language = {allemand},
    keywords = {book-crh, crh-1996}
    }

@book{Schmitt5516-1994,
    author = {Schmitt, Jean-Claude},
    title = {Les Revenants. Les vivants et les morts dans la société médiévale},
    publisher = {Gallimard (Bibliothèque des histoires)},
    series = {},
    location = {Paris},
    year = 1994,
    pagetotal = {},
    language = {français},
    keywords = {book-crh, crh-1994}
    }

@book{Schmitt5522-1995,
    author = {Schmitt, Jean-Claude},
    title = {Cod. Ross. 3 (1). Modi orandi sancti Dominici. Die Gebets- und Andachtsgesten des heiligen Dominikus. Eine Bilderhandschrift},
    publisher = {Belser Verlag},
    series = {},
    location = {Zürich},
    year = 1995,
    pagetotal = {},
    language = {allemand},
    keywords = {book-crh, crh-1995}
    }

@book{Schnapper5543-1994,
    author = {Schnapper, Dominique},
    title = {La Communauté des citoyens. Sur l'idée moderne de nation},
    publisher = {Gallimard},
    series = {NRF Essais},
    location = {Paris},
    year = 1994,
    pagetotal = {},
    language = {français},
    keywords = {book-crh, crh-1994}
    }

@book{Seitz5567-1995,
    author = {Seitz, Frédéric},
    title = {L'Architecture métallique au XXè siècle},
    publisher = {Belin},
    series = {},
    location = {Paris},
    year = 1995,
    pagetotal = {},
    language = {français},
    keywords = {book-crh, crh-1995}
    }

@book{Seitz5568-1995,
    author = {Seitz, Frédéric},
    title = {Une Entreprise d'idée, l'Ecole spéciale d'architecture, 1865-1930},
    publisher = {Editions Picard},
    series = {},
    location = {Paris},
    year = 1995,
    pagetotal = {},
    language = {français},
    keywords = {book-crh, crh-1995}
    }

@book{Touati5594-1994,
    author = {Touati, Houari},
    title = {Entre Dieu et les hommes. Lettrés, saints et sorciers au Maghreb (XVIIe siècle)},
    publisher = {EHESS},
    series = {},
    location = {Paris},
    year = 1994,
    pagetotal = {},
    language = {français},
    keywords = {book-crh, crh-1994}
    }

@book{Aron5633-1972,
    author = {Aron, Jean-Paul and P.Dumont and E.Le Roy Ladurie},
    title = {Anthropologie du conscrit français d'après les comptes numériques et sommaires deu recrutement de l'armée (1819-1826). Présentation cartographique},
    publisher = {Mouton},
    series = {Civilisations et sociétés},
    location = {Paris-La Haye},
    year = 1972,
    pagetotal = {261},
    language = {français},
    keywords = {book-crh, crh-1972}
    }

@book{Dumont5634-1972,
    author = {Dumont, Paul and J.P.Aron and E.Le Roy Ladurie},
    title = {Anthropologie du conscrit français d'après les comptes numériques et sommaires deu recrutement de l'armée (1819-1826). Présentation cartographique},
    publisher = {Mouton},
    series = {Civilisations et sociétés},
    location = {Paris-La Haye},
    year = 1972,
    pagetotal = {261},
    language = {français},
    keywords = {book-crh, crh-1972}
    }

@book{LeRoyLadurie5635-1972,
    author = {Le Roy Ladurie, Emmanuel and J.P.Aron and P.Dumont},
    title = {Anthropologie du conscrit français d'après les comptes numériques et sommaires deu recrutement de l'armée (1819-1826). Présentation cartographique},
    publisher = {Mouton},
    series = {Civilisations et sociétés},
    location = {Paris-La Haye},
    year = 1972,
    pagetotal = {261},
    language = {français},
    keywords = {book-crh, crh-1972}
    }

@book{Braemer5639-1981,
    author = {Braemer, Franck},
    title = {L'architecture domestique de l'âge de Fer au Levant},
    publisher = {ADPF},
    series = {},
    location = {Paris},
    year = 1981,
    pagetotal = {},
    language = {français},
    keywords = {book-crh, crh-1981}
    }

@book{Desaive5648-1972,
    author = {Desaive, Jean-Paul and J.P.Goubert and E.Le Roy Ladurie, and  J.Meyer},
    title = {Médecins, climat et épidémies à la fin du XVIIIe siècle},
    publisher = {Mouton},
    series = {},
    location = {Paris-La Haye},
    year = 1972,
    pagetotal = {256},
    language = {français},
    keywords = {book-crh, crh-1972}
    }

@book{Goubert5649-1972,
    author = {Goubert, Jean-Pierre and J.P.Desaive and E.Le Roy Ladurie and J.Meyer},
    title = {Médecins, climat et épidémies à la fin du XVIIIe siècle},
    publisher = {Mouton},
    series = {},
    location = {Paris-La Haye},
    year = 1972,
    pagetotal = {256},
    language = {français},
    keywords = {book-crh, crh-1972}
    }

@book{LeRoyLadurie5650-1972,
    author = {Le Roy Ladurie, Emmanuel and J.P.Desaive and J.P.Goubert and J.Meyer},
    title = {Médecins, climat et épidémies à la fin du XVIIIe siècle},
    publisher = {Mouton},
    series = {},
    location = {Paris-La Haye},
    year = 1972,
    pagetotal = {256},
    language = {français},
    keywords = {book-crh, crh-1972}
    }

@book{Daumard5651-1972,
    author = {Daumard, Adeline},
    title = {Les fortunes françaises au XIXe siècle. Enquête sur la répartition des capitaux privés en France d'après l'enregistrement des capitaux de succession},
    publisher = {},
    series = {},
    location = {},
    year = 1972,
    pagetotal = {},
    language = {français},
    keywords = {book-crh, crh-1972}
    }

@book{Launay5657-1972,
    author = {Launay, Michel},
    title = {Jean-Jacques Rousseau écrivain politique (1712-1762)},
    publisher = {CEL/ACER},
    series = {},
    location = {Cannes-Grenoble},
    year = 1972,
    pagetotal = {512},
    language = {français},
    keywords = {book-crh, crh-1972}
    }

@book{Guillou5665-1963,
    author = {Guillou, André},
    title = {Les Actes grecs de Sainte Marie de Messine (XIe-XIVe siècles)},
    publisher = {},
    series = {},
    location = {Palerme},
    year = 1963,
    pagetotal = {},
    language = {français},
    keywords = {book-crh, crh-1963}
    }

@book{Guillou5666-1967,
    author = {Guillou, André},
    title = {Saint Nicodème de Kellarana (1023 à 1232)},
    publisher = {},
    series = {},
    location = {Cité du Vatican},
    year = 1967,
    pagetotal = {},
    language = {français},
    keywords = {book-crh, crh-1967}
    }

@book{Guillou5667-1968,
    author = {Guillou, André},
    title = {Saint Nicolas de Donnose (1031-1061)},
    publisher = {},
    series = {},
    location = {Cité du Vatican},
    year = 1968,
    pagetotal = {},
    language = {français},
    keywords = {book-crh, crh-1968}
    }

