@incollection{Julia22-1995,
    author = {Julia, Dominique},
    editor = {Brigitte Maillard},
    title = {Les pèlerinages de Pierre Bernard, maître d'école amiénois (1730-1764)},
    booktitle = {Foi, fidélité, amitié en Europe à l'époque moderne. Mélanges offerts à Robert Sauzet},
    publisher = {Publications de l'université de Tours},
    location = {Tours},
    year = 1995,
    pagetotal = {19},
    language = {français},
    keywords = {melanges-crh, crh-1995}
    }

@incollection{Goy33-1997,
    author = {Goy, Joseph},
    editor = {},
    title = {A propos du 'système de la coutume' : problématiques en évolution},
    booktitle = {L'Histoire grande ouverte. Pour Emmanuel Le Roy Ladurie,},
    publisher = {},
    location = {Paris},
    year = 1997,
    pagetotal = {},
    language = {français},
    keywords = {melanges-crh, crh-1997}
    }

@incollection{Goy34-1994,
    author = {Goy, Joseph},
    editor = {},
    title = {L'exploitation agricole au regard de la législation française, du code civil (1804) à la loi d'orientation agricole (1980) : un retard français ?},
    booktitle = {Entrepreneurship and the Transformation of the Economy (10th-20th Centuries). Essays in Honour of Herman Van der Wee,},
    publisher = {Leuven University Press},
    location = {Louvain},
    year = 1994,
    pagetotal = {8},
    language = {français},
    keywords = {melanges-crh, crh-1994}
    }

@incollection{Guerreau53-1995,
    author = {Guerreau, Alain},
    editor = {E. Mornet},
    title = {Remarques sur l'arpentage selon Bertrand Boysset (Arles, vers 1400-1410)},
    booktitle = {Etudes offertes à Robert Fossier},
    publisher = {},
    location = {Paris},
    year = 1995,
    pagetotal = {16},
    language = {français},
    keywords = {melanges-crh, crh-1995}
    }

@incollection{Ducreux72-1994,
    author = {Ducreux-Lakits, Marie-Elisabeth},
    editor = {},
    title = {Livres d'hommes et de femmes, livres pour les hommes et pour les femmes},
    booktitle = {Husitstvi-Reformace-Renesance, Sbornik k 60. narozeninam Frantiska Smahela (Mélanges en l'honneur de Frantisek Smahel},
    publisher = {},
    location = {Prague},
    year = 1994,
    pagetotal = {31},
    language = {français},
    keywords = {melanges-crh, crh-1994}
    }

@incollection{Berlioz79-1992,
    author = {Berlioz, Jacques},
    editor = {},
    title = {Le bourdon vole au sabbat},
    booktitle = {Recueil d'études et de documents en mémoire de Charles Joisten.  Le Monde alpin et rhodanien},
    publisher = {},
    location = {},
    year = 1992,
    pagetotal = {6},
    language = {français},
    keywords = {melanges-crh, crh-1992}
    }

@incollection{Peter88-1989,
    author = {Peter, Jean-Pierre},
    editor = {},
    title = {Aux sources de la médicalisation, le regard et le mot : le travail des topographies médicales},
    booktitle = {Population et Culture, Etudes en l'honneur de François Lebrun},
    publisher = {AFL},
    location = {Rennes},
    year = 1989,
    pagetotal = {9},
    language = {français},
    keywords = {melanges-crh, crh-1989}
    }

@incollection{Loosfelt98-1995,
    author = {Loosfelt, Muriel},
    editor = {},
    title = {Le visage de la femme et le réalisme socialiste dans l'oeuvre de Roger Vailland, 1945-1953},
    booktitle = {De Russie et d'ailleurs. Feux croisés sur l'histoire. Pour Marc Ferro,},
    publisher = {Institut d'études slaves},
    location = {Paris},
    year = 1995,
    pagetotal = {},
    language = {français},
    keywords = {melanges-crh, crh-1995}
    }

@incollection{Descimon115-1994,
    author = {Descimon, Robert},
    editor = {M. Balard and J.-C. Hervé and N. Lemaitre},
    title = {Les scrutateurs des élections échevinales à Paris (mi-XVIe / mi-XVIIe siècle). Des médiateurs de fidélité},
    booktitle = {Paris et ses campagnes sous l'Ancien Régime. Mélanges offerts à Jean Jacquart},
    publisher = {},
    location = {Paris},
    year = 1994,
    pagetotal = {15},
    language = {français},
    keywords = {melanges-crh, crh-1994}
    }

@incollection{Milo119-1995,
    author = {Milo, Daniel},
    editor = {},
    title = {Epicerie, Parano, Iceberg (EPI)},
    booktitle = {De Russie et d'ailleurs : feux croisés sur l'histoire, Pour Marc Ferro,},
    publisher = {Institut d'études slaves},
    location = {Paris},
    year = 1995,
    pagetotal = {8},
    language = {français},
    keywords = {melanges-crh, crh-1995}
    }

@incollection{Dupaquier121-1986,
    author = {Dupaquier, Jacques},
    editor = {},
    title = {Histoire d'un concept : l'espérance de vie. La contribution de Louis et Christian Huygens (1669)},
    booktitle = {Studia in honorem Roberti Horvath septuagenarii},
    publisher = {},
    location = {Szeged},
    year = 1986,
    pagetotal = {},
    language = {français},
    keywords = {melanges-crh, crh-1986}
    }

@incollection{Mane142-1994,
    author = {Mane, Perrine},
    editor = {},
    title = {Le paysan dans ses meubles},
    booktitle = {Campagnes médiévales : l'homme et son espace, Mélanges Fossier},
    publisher = {},
    location = {Paris},
    year = 1994,
    pagetotal = {14},
    language = {français},
    keywords = {melanges-crh, crh-1994}
    }

@incollection{Beutler157-1989,
    author = {Beutler, Corinne},
    editor = {L.Mottu-Weber and D.Zumkeller},
    title = {Le marché du blé et les prix céréaliers à Montréal à la fin du régime seigneurial (1790-1840)},
    booktitle = {Mélanges d'histoire économique offerts au Professeur Anne-Marie Piuz},
    publisher = {ISTEC-université de Genève},
    location = {Genève},
    year = 1989,
    pagetotal = {13},
    language = {français},
    keywords = {melanges-crh, crh-1989}
    }

@incollection{Fontaine182-1996,
    author = {Fontaine, Laurence},
    editor = {M. Körner and F. Walter},
    title = {Pierre Rullier colporteur horloger-bijoutier Savoyard au XVIIIe siècle},
    booktitle = {Quand la Montagne aussi a une histoire. Mélanges offerts à Jean-François Bergier},
    publisher = {Haupt},
    location = {Berne},
    year = 1996,
    pagetotal = {},
    language = {français},
    keywords = {melanges-crh, crh-1996}
    }

@incollection{LeGoff250-1985,
    author = {Le Goff, Jacques},
    editor = {},
    title = {Saint de l'Eglise et saint du peuple : les miracles officiels de Saint Louis entre sa mort et sa canonisation},
    booktitle = {Histoire sociale, sensibilités collectives et mentalités, Mélanges Mandrou},
    publisher = {PUF},
    location = {Paris},
    year = 1985,
    pagetotal = {12},
    language = {français},
    keywords = {melanges-crh, crh-1985}
    }

@incollection{LeGoff270-1982,
    author = {Le Goff, Jacques},
    editor = {},
    title = {Quelques remarques sur les codes vestimentaires et alimentaires dans Erec et Enide},
    booktitle = {La chanson de geste et le mythe carolingien, Mélanges René Louis},
    publisher = {},
    location = {},
    year = 1982,
    pagetotal = {16},
    language = {français},
    keywords = {melanges-crh, crh-1982}
    }

@incollection{LeGoff271-1982,
    author = {Le Goff, Jacques},
    editor = {},
    title = {Une collecte ethnographique en Dauphiné au début du XIIIe siècle},
    booktitle = {Croyances, récits et pratiques de tradition, Mélanges Charles Joisten},
    publisher = {},
    location = {},
    year = 1982,
    pagetotal = {12},
    language = {français},
    keywords = {melanges-crh, crh-1982}
    }

@incollection{LeGoff284-1984,
    author = {Le Goff, Jacques},
    editor = {},
    title = {Quelques remarques sur les rêves de Helmbrecht Père},
    booktitle = {Göppinger Arbeiten zur Germanistik, Mélanges Emile-Georges Zink},
    publisher = {},
    location = {},
    year = 1984,
    pagetotal = {19},
    language = {français},
    keywords = {melanges-crh, crh-1984}
    }

@incollection{Fridenson348-1985,
    author = {Fridenson, Patrick},
    editor = {P. Joutard and J. Lecuir},
    title = {Les ingénieurs et cadres de l'automobile en France au XXe siècle},
    booktitle = {Histoire sociale, sensibilités collectives et mentalités},
    publisher = {PUF},
    location = {Paris},
    year = 1985,
    pagetotal = {18},
    language = {français},
    keywords = {melanges-crh, crh-1985}
    }

@incollection{LeGoff369-1985,
    author = {Le Goff, Jacques},
    editor = {},
    title = {Les gestes du Purgatoire},
    booktitle = {Mélanges De Gandilhac},
    publisher = {},
    location = {},
    year = 1985,
    pagetotal = {},
    language = {français},
    keywords = {melanges-crh, crh-1985}
    }

@incollection{Guillou385-1982,
    author = {Guillou, André},
    editor = {},
    title = {Dédicace inédite d'une église bysantine de Trani},
    booktitle = {Bisanzio e l'Italia. Raccolta di studi in memoria di A. Pertusi},
    publisher = {},
    location = {Milan},
    year = 1982,
    pagetotal = {2},
    language = {français},
    keywords = {melanges-crh, crh-1982}
    }

@incollection{Guillou386-1982,
    author = {Guillou, André},
    editor = {},
    title = {Inscription métrique byzantine du trésor de Saint-Nicolas de Bari (Italie)},
    booktitle = {Rayonnement grec. Hommage à Ch. Delvoye},
    publisher = {},
    location = {Bruxelles},
    year = 1982,
    pagetotal = {4},
    language = {français},
    keywords = {melanges-crh, crh-1982}
    }

@incollection{Richet393-1984,
    author = {Richet, Denis},
    editor = {},
    title = {Politique et religion : les processions à Paris en 1589},
    booktitle = {La France d'Ancien Régime. Etudes réunies en l'honneur de Pierre Goubert},
    publisher = {Privat},
    location = {Toulouse},
    year = 1984,
    pagetotal = {},
    language = {français},
    keywords = {melanges-crh, crh-1984}
    }

@incollection{Hemardinquer400-1973,
    author = {Hemardinquer, Jean-Jacques},
    editor = {},
    title = {Géographie et opinion: le 'fonfrédisme' ou la décolonisation d'Alger (1836)},
    booktitle = {Maghreb et Sahara, études géographiques offertes à J. Despois},
    publisher = {},
    location = {},
    year = 1973,
    pagetotal = {11},
    language = {français},
    keywords = {melanges-crh, crh-1973}
    }

@incollection{Piponnier417-1982,
    author = {Piponnier, Françoise},
    editor = {},
    title = {Vivre noblement, en Bourgogne au XIVe siècle},
    booktitle = {Mélanges d'archéologie et d'histoire médiévales en l'honneur du Doyen Michel de Boüard},
    publisher = {},
    location = {Genève-Paris},
    year = 1982,
    pagetotal = {9},
    language = {français},
    keywords = {melanges-crh, crh-1982}
    }

@incollection{Piponnier418-1983,
    author = {Piponnier, Françoise},
    editor = {},
    title = {Cloth merchants'inventories in Dijon in the fourteenth and fifteenth centuries},
    booktitle = {Cloth and Clothing in Medieval Europe, Essays in Memory of Professor E.M. Carus-Wilson},
    publisher = {},
    location = {Londres},
    year = 1983,
    pagetotal = {18},
    language = {anglais},
    keywords = {melanges-crh, crh-1983}
    }

@incollection{Vincent434-1995,
    author = {Vincent, Bernard},
    editor = {},
    title = {Le nonce et les morisques},
    booktitle = {Mélanges Louis Cardaillac},
    publisher = {},
    location = {Zaghouan},
    year = 1995,
    pagetotal = {4},
    language = {français},
    keywords = {melanges-crh, crh-1995}
    }

@incollection{Hemardinquer437-1972,
    author = {Hemardinquer, Jean-Jacques},
    editor = {},
    title = {Les débuts du maïs en Méditerranée (premier aperçu)},
    booktitle = {Mélanges en l'honneur de Fernand Braudel},
    publisher = {},
    location = {Toulouse},
    year = 1972,
    pagetotal = {8},
    language = {français},
    keywords = {melanges-crh, crh-1972}
    }

@incollection{Lepetit482-1984,
    author = {Lepetit, Bernard},
    editor = {},
    title = {Espaces écrits. La géographie parisienne de l'Abbé Teisserenc (1754)},
    booktitle = {La France d'Ancien Régime. Etudes réunies en l'honneur de Pierre Goubert},
    publisher = {},
    location = {Toulouse},
    year = 1984,
    pagetotal = {10},
    language = {français},
    keywords = {melanges-crh, crh-1984}
    }

@incollection{Jeannin489-1974,
    author = {Jeannin, Pierre},
    editor = {},
    title = {Preis-, Kosten- und Gewinnunterschiede im Handel mit Ostseegetreide 1550-1650},
    booktitle = {Wirtschaftliche und soziale Strukturen im saekularen Wandel. Festschrift für Wilhelm Abel zum 70},
    publisher = {},
    location = {Hanovre},
    year = 1974,
    pagetotal = {24},
    language = {allemand},
    keywords = {melanges-crh, crh-1974}
    }

@incollection{LeGoff495-1985,
    author = {Le Goff, Jacques},
    editor = {},
    title = {Un modèle royal : Saint Louis et Josias},
    booktitle = {Mélanges Blumenkranz},
    publisher = {},
    location = {},
    year = 1985,
    pagetotal = {},
    language = {français},
    keywords = {melanges-crh, crh-1985}
    }

@incollection{Sigaut513-1995,
    author = {Sigaut, François},
    editor = {J.R. Pitte},
    title = {Considérations élémentaires sur la géographie des céréales dans l'Europe prémoderne},
    booktitle = {Géographie historique et culturelle de l'Europe, Hommage au professeur Xavier de Planhol,},
    publisher = {Presses de l'université de Paris-Sorbonne},
    location = {Paris},
    year = 1995,
    pagetotal = {27},
    language = {français},
    keywords = {melanges-crh, crh-1995}
    }

@incollection{Parent517-1985,
    author = {Parent-Lardeur, Françoise},
    editor = {},
    title = {La bibliographie de l'oeuvre de Robert Mandrou},
    booktitle = {Histoire sociale, sensibilités collectives et mentalités. Mélanges Robert Mandrou},
    publisher = {PUF},
    location = {Paris},
    year = 1985,
    pagetotal = {12},
    language = {français},
    keywords = {melanges-crh, crh-1985}
    }

@incollection{Perrot529-1984,
    author = {Perrot, Jean-Claude},
    editor = {},
    title = {La main invisible et le Dieu caché},
    booktitle = {Différences, Valeurs, Hiérarchie, textes offerts à Louis Dumont},
    publisher = {},
    location = {Paris},
    year = 1984,
    pagetotal = {},
    language = {français},
    keywords = {melanges-crh, crh-1984}
    }

@incollection{Perrot530-1984,
    author = {Perrot, Jean-Claude},
    editor = {},
    title = {L'analyse dynamique des crises au XVIIIe siècle},
    booktitle = {La France d'Ancien Régime, études réunies en l'honneur de P. Goubert},
    publisher = {Privat},
    location = {Toulouse},
    year = 1984,
    pagetotal = {},
    language = {français},
    keywords = {melanges-crh, crh-1984}
    }

@incollection{Jeannin535-1973,
    author = {Jeannin, Pierre},
    editor = {},
    title = {Entreprises hanséates et commerce méditerranéen à la fin du XVIe siècle},
    booktitle = {Histoire économique du monde méditerranéen 1450-1650. Mélanges en l'honneur de F.Braudel},
    publisher = {},
    location = {Toulouse},
    year = 1973,
    pagetotal = {14},
    language = {français},
    keywords = {melanges-crh, crh-1973}
    }

@incollection{Jeannin538-1974,
    author = {Jeannin, Pierre},
    editor = {},
    title = {Le commerce à Narva au début du XVIIe siècle et le problème de la balance commerciale russe},
    booktitle = {Spoleczenstwo-Gospodarka Kultura, Studia ofiearowane Marianowi Malowistowi},
    publisher = {},
    location = {Varsovie},
    year = 1974,
    pagetotal = {16},
    language = {français},
    keywords = {melanges-crh, crh-1974}
    }

@incollection{Jeannin543-1973,
    author = {Jeannin, Pierre},
    editor = {},
    title = {Entre Russie et Occident au début du XVIIe siècle : le contexte historique d'un grand document linguistique},
    booktitle = {Etudes européennes, Mélanges offerts à Victor L.Tapié},
    publisher = {Publications de la Sorbonne},
    location = {Paris},
    year = 1973,
    pagetotal = {22},
    language = {français},
    keywords = {melanges-crh, crh-1973}
    }

@incollection{Jeannin555-1974,
    author = {Jeannin, Pierre},
    editor = {},
    title = {Conjoncture et production du cuivre dans les Vosges méridionales à la fin du XVIe et au début du XVIIe siècles},
    booktitle = {Conjoncture économique-Structures sociales, Hommage à Ernest Labrousse},
    publisher = {},
    location = {Paris},
    year = 1974,
    pagetotal = {18},
    language = {français},
    keywords = {melanges-crh, crh-1974}
    }

@incollection{Berlioz562-1982,
    author = {Berlioz, Jacques},
    editor = {},
    title = {Masques et croquemitaines. A propos de l'expression 'Faire barbe' au Moyen Age},
    booktitle = {Croyances, récits et pratiques de tradition. Mélanges Charles Joisten, 1936-1981, Le Monde alpin et rhodanien},
    publisher = {},
    location = {},
    year = 1982,
    pagetotal = {14},
    language = {français},
    keywords = {melanges-crh, crh-1982}
    }

@incollection{Pomian581-1995,
    author = {Pomian, Krzysztof},
    editor = {M. Godet},
    title = {Musée : quintessence de l'Europe},
    booktitle = {De Russie et d'ailleurs. Pour Marc Ferro},
    publisher = {Institut d'études slavec},
    location = {Paris},
    year = 1995,
    pagetotal = {6},
    language = {français},
    keywords = {melanges-crh, crh-1995}
    }

@incollection{Vincent627-1985,
    author = {Vincent, Bernard},
    editor = {},
    title = {Richesse et pauvreté à Véra (Almeria) à la fin du XVIe siècle},
    booktitle = {Homenaje à José Antonio Maravall},
    publisher = {Centro de Investigationes Sociologicas},
    location = {Madrid},
    year = 1985,
    pagetotal = {9},
    language = {français},
    keywords = {melanges-crh, crh-1985}
    }

@incollection{Burguière668-1995,
    author = {Burguière, André},
    editor = {?},
    title = {Processus de civilisation et processus national dans l'oeuvre de Norbert Elias},
    booktitle = {De Russie et d'ailleurs. feux croisés sur l'Histoire pour Marc Ferro,},
    publisher = {Institut d'études slaves},
    location = {Paris},
    year = 1995,
    pagetotal = {11},
    language = {français},
    keywords = {melanges-crh, crh-1995}
    }

@incollection{Descimon730-1984,
    author = {Descimon, Robert},
    editor = {},
    title = {Le financement frondeur de la Guerre de Paris},
    booktitle = {La France d'Ancien Régime. Etudes réunies en l'honneur de Pierre Goubert},
    publisher = {Privat},
    location = {Toulouse},
    year = 1984,
    pagetotal = {11},
    language = {français},
    keywords = {melanges-crh, crh-1984}
    }

@incollection{Béaur739-1994,
    author = {Béaur, Gérard},
    editor = {},
    title = {Au comptant ou à crédit : comment financer une acquisition foncière au XVIII° siècle},
    booktitle = {Paris et ses campagnes sous l'Ancien Régime. Mélanges offerts à J. Jacquart},
    publisher = {Publications de la Sorbonne},
    location = {Paris},
    year = 1994,
    pagetotal = {10},
    language = {français},
    keywords = {melanges-crh, crh-1994}
    }

@incollection{Scherrer757-1995,
    author = {Scherrer, Jutta},
    editor = {M.Godet},
    title = {La fin de l'intelligentsia russe ?},
    booktitle = {De Russie et d'ailleurs. Feux croisés sur l'histoire,},
    publisher = {Institut d'études slaves},
    location = {Paris},
    year = 1995,
    pagetotal = {9},
    language = {français},
    keywords = {melanges-crh, crh-1995}
    }

@incollection{Andreau758-1994,
    author = {Andreau, Jean},
    editor = {},
    title = {Encore quelques mots sur les latifundia},
    booktitle = {Mélanges Pierre Lévêque,},
    publisher = {Belles Lettres},
    location = {Paris},
    year = 1994,
    pagetotal = {12},
    language = {français},
    keywords = {melanges-crh, crh-1994}
    }

@incollection{Dupaquier764-1984,
    author = {Dupaquier, Jacques},
    editor = {},
    title = {Naissance d'une légende noire. 'Jacques Bonhomme' vu par les manuels d'histoire de l'enseignement primaire (1880-1914)},
    booktitle = {La France d'Ancien Régime, Etudes réunies en l'honneur de Pierre Goubert},
    publisher = {Privat},
    location = {Toulouse},
    year = 1984,
    pagetotal = {},
    language = {français},
    keywords = {melanges-crh, crh-1984}
    }

@incollection{Revel783-1996,
    author = {Revel, Jacques},
    editor = {Françoise Parot},
    title = {Psychologie historique et histoire des mentalités},
    booktitle = {Pour une psychologie historique. Ecrits en hommage à Ignace Meyerson},
    publisher = {PUF},
    location = {Paris},
    year = 1996,
    pagetotal = {19},
    language = {français},
    keywords = {melanges-crh, crh-1996}
    }

@incollection{Berlioz788-1995,
    author = {Berlioz, Jacques},
    editor = {},
    title = {L'exemplum homilétique},
    booktitle = {Comprendre le XIIIe siècle. Mélanges Marie-Thérèse Lorcin},
    publisher = {},
    location = {Lyon},
    year = 1995,
    pagetotal = {10},
    language = {français},
    keywords = {melanges-crh, crh-1995}
    }

@incollection{Revel790-1995,
    author = {Revel, Jacques},
    editor = {M.Godet},
    title = {Marie-Antoinette dans ses fictions : la mise en scène de la haine},
    booktitle = {De la Russie et d'ailleurs. Feux croisés sur l'histoire. Mélanges Marc Ferro},
    publisher = {Institut d'études slaves},
    location = {Paris},
    year = 1995,
    pagetotal = {16},
    language = {français},
    keywords = {melanges-crh, crh-1995}
    }

@incollection{Hemardinquer940-1973,
    author = {Hemardinquer, Jean-Jacques},
    editor = {},
    title = {Géographie et opinion: le fonfrédisme ou la décolonisation d'Alger (1836)},
    booktitle = {Magreb et Sahara, études géographiques offertes à J.Despois},
    publisher = {},
    location = {},
    year = 1973,
    pagetotal = {11},
    language = {français},
    keywords = {melanges-crh, crh-1973}
    }

@incollection{LeGoff1008-1967,
    author = {Le Goff, Jacques},
    editor = {},
    title = {Culture cléricale et folklore dans l'Occident Médiéval: saint Victor de Paris et le dragon},
    booktitle = {Studi in onore di Corrado Barbagallo},
    publisher = {},
    location = {},
    year = 1967,
    pagetotal = {},
    language = {français},
    keywords = {melanges-crh, crh-1967}
    }

@incollection{Tenenti1133-1972,
    author = {Tenenti, Alberto},
    editor = {},
    title = {Temps et 'ventura' à la Renaissance},
    booktitle = {Mélanges en l'honneur de Fernand Braudel},
    publisher = {},
    location = {},
    year = 1972,
    pagetotal = {},
    language = {français},
    keywords = {melanges-crh, crh-1972}
    }

@incollection{Vernant1138-1972,
    author = {Vernant, Jean-Pierre},
    editor = {},
    title = {Ebauches de la volonté dans la Tragédie grecque},
    booktitle = {Psychologie comparative et art},
    publisher = {},
    location = {},
    year = 1972,
    pagetotal = {},
    language = {français},
    keywords = {melanges-crh, crh-1972}
    }

@incollection{Beck1149-1975,
    author = {Beck, Patrice},
    editor = {},
    title = {Une grange cistercienne en Beaunois au Moyen Age : Repans},
    booktitle = {Etudes médiévales},
    publisher = {},
    location = {},
    year = 1975,
    pagetotal = {6},
    language = {français},
    keywords = {melanges-crh, crh-1975}
    }

@incollection{Daumard1174-1974,
    author = {Daumard, Adeline},
    editor = {},
    title = {Les structures bourgeoises en France à l'époque contemporaine : évolution ou permanence},
    booktitle = {Conjoncture économique, Structures sociales, Hommage à E. Labrousse},
    publisher = {Mouton},
    location = {Paris},
    year = 1974,
    pagetotal = {15},
    language = {français},
    keywords = {melanges-crh, crh-1974}
    }

@incollection{Furet1186-1974,
    author = {Furet, François},
    editor = {},
    title = {Les élections de 1789 dans les bailliages d'Orléans et de Troyes},
    booktitle = {Mélanges en l'honneur d'Ernest Labrousse},
    publisher = {},
    location = {},
    year = 1974,
    pagetotal = {},
    language = {français},
    keywords = {melanges-crh, crh-1974}
    }

@incollection{Ozouf1222-1976,
    author = {Ozouf, Jacques},
    editor = {},
    title = {Le peuple et l'école : la demande populaire d'instruction en France au XIXe siècle},
    booktitle = {Mélanges offerts à Jean Maitron},
    publisher = {},
    location = {},
    year = 1976,
    pagetotal = {},
    language = {français},
    keywords = {melanges-crh, crh-1976}
    }

@incollection{Pesez1226-1975,
    author = {Pesez, Jean-Marie},
    editor = {},
    title = {L'archéologie médiévale en Europe},
    booktitle = {Hommage  Geneviève Chevrier et Alain Geslan},
    publisher = {},
    location = {Strasbourg},
    year = 1975,
    pagetotal = {5},
    language = {français},
    keywords = {melanges-crh, crh-1975}
    }

@incollection{Braunstein1265-1977,
    author = {Braunstein, Philippe},
    editor = {},
    title = {Guerre, vivres et transports dans le Haut-Frioul en 1381},
    booktitle = {Mélanges H. Hassinger},
    publisher = {},
    location = {},
    year = 1977,
    pagetotal = {24},
    language = {français},
    keywords = {melanges-crh, crh-1977}
    }

@incollection{Braunstein1268-1978,
    author = {Braunstein, Philippe},
    editor = {},
    title = {Pénurie et cherté à Venise pendant la guerre de Chioggia (1378-1381)},
    booktitle = {Mélanges O. Pickl, Grazer Forschungen zur Wirtschafts-und Sozialgeschichte},
    publisher = {},
    location = {},
    year = 1978,
    pagetotal = {},
    language = {français},
    keywords = {melanges-crh, crh-1978}
    }

@incollection{Courbin1304-1974,
    author = {Courbin, Paul},
    editor = {},
    title = {L'inscription archaïque du Colosse Naxiem},
    booktitle = {Mélanges Daux},
    publisher = {},
    location = {},
    year = 1974,
    pagetotal = {10},
    language = {français},
    keywords = {melanges-crh, crh-1974}
    }

@incollection{Guillou1337-1975,
    author = {Guillou, André},
    editor = {},
    title = {La soie sicilienne au Xe-XIe siècles},
    booktitle = {Byzantino-Sicula II, Miscellanes in memoria di G.Rossi-Taibbi},
    publisher = {},
    location = {},
    year = 1975,
    pagetotal = {4},
    language = {français},
    keywords = {melanges-crh, crh-1975}
    }

@incollection{Pesez1403-1978,
    author = {Pesez, Jean-Marie},
    editor = {},
    title = {Stratigraphie der Reste nicht gemauerter mittelalterlicher Wohnbauten},
    booktitle = {Mélanges Otto},
    publisher = {},
    location = {},
    year = 1978,
    pagetotal = {6},
    language = {allemand},
    keywords = {melanges-crh, crh-1978}
    }

@incollection{Poisson1415-1975,
    author = {Poisson, Jean-Marie},
    editor = {},
    title = {Mouvements monétaires entre Bourgogne et Nivernais (XIIe-XIIIe siècles)},
    booktitle = {Hommage à Geneviève Chevrier et Alain Geslan},
    publisher = {},
    location = {},
    year = 1975,
    pagetotal = {6},
    language = {français},
    keywords = {melanges-crh, crh-1975}
    }

@incollection{Mouradian1517-1995,
    author = {Mouradian, Claire},
    editor = {},
    title = {Les peuples dans l'empire russe et soviétique à travers les caricatures: des nations en quête d'image},
    booktitle = {De Russie et d'ailleurs, Feux Croisés sur l'histoire, Mélanges offerts à Marc Ferro},
    publisher = {Institut d'études slaves},
    location = {Paris},
    year = 1995,
    pagetotal = {14},
    language = {français},
    keywords = {melanges-crh, crh-1995}
    }

@incollection{Braunstein1546-1978,
    author = {Braunstein, Philippe},
    editor = {},
    title = {Sur l'activité des Fugger à Rome entre 1517 et 1527},
    booktitle = {Mélanges},
    publisher = {},
    location = {Nuremberg},
    year = 1978,
    pagetotal = {21},
    language = {français},
    keywords = {melanges-crh, crh-1978}
    }

@incollection{Jeannin1593-1978,
    author = {Jeannin, Pierre},
    editor = {},
    title = {Armements et commerce international dans la seconde moitié du 16e siècle},
    booktitle = {},
    publisher = {},
    location = {Nuremberg},
    year = 1978,
    pagetotal = {20},
    language = {français},
    keywords = {melanges-crh, crh-1978}
    }

@incollection{LeGoff1624-1978,
    author = {Le Goff, Jacques},
    editor = {},
    title = {Jérusalem ou Babylone? L'image de la ville dans la littérature française médiévale},
    booktitle = {Critique},
    publisher = {},
    location = {},
    year = 1978,
    pagetotal = {},
    language = {français},
    keywords = {melanges-crh, crh-1978}
    }

@incollection{Nora1655-1979,
    author = {Nora, Pierre},
    editor = {},
    title = {L'Amérique et les intellectuels français (version remaniée)},
    booktitle = {Hommage},
    publisher = {Privat},
    location = {Toulouse},
    year = 1979,
    pagetotal = {},
    language = {français},
    keywords = {melanges-crh, crh-1979}
    }

@incollection{Pomian1680-1979,
    author = {Pomian, Krzysztof},
    editor = {},
    title = {The polish peasant in literature and ideology},
    booktitle = {Mélanges},
    publisher = {Privat},
    location = {Toulouse},
    year = 1979,
    pagetotal = {16},
    language = {anglais},
    keywords = {melanges-crh, crh-1979}
    }

@incollection{Tenenti1722-1978,
    author = {Tenenti, Alberto and B.Tenenti},
    editor = {},
    title = {Note sul rapporto tra valore delle merci e somme assicurate alla fine del Cinquecent},
    booktitle = {Studi in memoria di Federigo Melis},
    publisher = {},
    location = {Naples},
    year = 1978,
    pagetotal = {12},
    language = {italien},
    keywords = {melanges-crh, crh-1978}
    }

@incollection{Courbin1830-1982,
    author = {Courbin, Paul},
    editor = {},
    title = {Un chapiteau archaïque inédit à Délos},
    booktitle = {Mélanges},
    publisher = {},
    location = {Bruxelles},
    year = 1982,
    pagetotal = {10},
    language = {français},
    keywords = {melanges-crh, crh-1982}
    }

@incollection{LeGoff1936-1980,
    author = {Le Goff, Jacques},
    editor = {},
    title = {Le Juif dans les exempla médiévaux. Le cas de l'Alphabetum Narrationum},
    booktitle = {},
    publisher = {Complexe},
    location = {Bruxelles},
    year = 1980,
    pagetotal = {12},
    language = {français},
    keywords = {melanges-crh, crh-1980}
    }

@incollection{Nora1955-1980,
    author = {Nora, Pierre},
    editor = {},
    title = {1898: la théorie du complot et la définition de l'identité juive},
    booktitle = {},
    publisher = {Complexe},
    location = {Bruxelles},
    year = 1980,
    pagetotal = {11},
    language = {français},
    keywords = {melanges-crh, crh-1980}
    }

@incollection{Delille1970-1995,
    author = {Delille, Gérard},
    editor = {},
    title = {La paix par les femmes},
    booktitle = {Alla Signorina. Mélanges offerts à Noëlle de la Blanchardière,},
    publisher = {Ecole française de Rome},
    location = {Rome},
    year = 1995,
    pagetotal = {23},
    language = {français},
    keywords = {melanges-crh, crh-1995}
    }

@incollection{Tenenti2032-1980,
    author = {Tenenti, Alberto},
    editor = {},
    title = {Formes d'assurance multirisque à Raguse au milieu du 15e siècle},
    booktitle = {Hommage},
    publisher = {},
    location = {Lyon},
    year = 1980,
    pagetotal = {17},
    language = {français},
    keywords = {melanges-crh, crh-1980}
    }

@incollection{Aron2087-1985,
    author = {Aron, Jean-Paul},
    editor = {},
    title = {Les décades de Pontigny et de Cerisy : introduction à une généalogie du temps des professeurs},
    booktitle = {Mélanges Robert Mandrou},
    publisher = {PUF},
    location = {Paris},
    year = 1985,
    pagetotal = {27},
    language = {français},
    keywords = {melanges-crh, crh-1985}
    }

@incollection{Julliard2400-1985,
    author = {Julliard, Jacques},
    editor = {},
    title = {Les ouvriers dans la société française, intégration et autonomie},
    booktitle = {Histoire Sociale, sensibilités collectives et mentalités, Mélanges Robert Mandrou},
    publisher = {},
    location = {},
    year = 1985,
    pagetotal = {8},
    language = {français},
    keywords = {melanges-crh, crh-1985}
    }

@incollection{LeGoff2426-1982,
    author = {Le Goff, Jacques},
    editor = {},
    title = {Les gestes de Saint Louis : approche d'un modèle et d'une personnalité},
    booktitle = {Clio et son regard, Mélanges Stiennon},
    publisher = {},
    location = {},
    year = 1982,
    pagetotal = {15},
    language = {français},
    keywords = {melanges-crh, crh-1982}
    }

@incollection{LeGoff2437-1985,
    author = {Le Goff, Jacques},
    editor = {},
    title = {Ruggiero Romano au pays de l'Histoire et des Sciences Humaines},
    booktitle = {Revue européenne des Sciences Sociales, Cahiers, Vilfredo Paeto, Mélanges R. Romano},
    publisher = {},
    location = {},
    year = 1985,
    pagetotal = {9},
    language = {français},
    keywords = {melanges-crh, crh-1985}
    }

@incollection{Reberioux2596-1985,
    author = {Reberioux, Madeleine},
    editor = {},
    title = {La littérature socialisante et la représentation du futur au tournant du siècle},
    booktitle = {Histoire sociale, sensibilités collectives et mentalités. Mélanges Robert Mandrou},
    publisher = {PUF},
    location = {Paris},
    year = 1985,
    pagetotal = {15},
    language = {français},
    keywords = {melanges-crh, crh-1985}
    }

@incollection{Scherrer2619-1985,
    author = {Scherrer, Jutta},
    editor = {},
    title = {Wunschtheorien der Religion : Auf der Suche nach der Wahrheit des Sozialismus},
    booktitle = {Festschrift für Peter Scheibert},
    publisher = {},
    location = {Fribourg},
    year = 1985,
    pagetotal = {29},
    language = {allemand},
    keywords = {melanges-crh, crh-1985}
    }

@incollection{Berthe2813-1989,
    author = {Berthe, Jean-Pierre},
    editor = {},
    title = {Les franciscains de la province mexicaine du Saint-Evangile en 1570 : un catalogue de Fray Jeronimo de Mendieta},
    booktitle = {Enquêtes sur l'Amérique moyenne. Mélanges offerts à Guy Stresser-Péan},
    publisher = {CEMCA et INAH},
    location = {Mexico},
    year = 1989,
    pagetotal = {22},
    language = {français},
    keywords = {melanges-crh, crh-1989}
    }

@incollection{Furet2841-1984,
    author = {Furet, François},
    editor = {},
    title = {Le dialogue posthume d'Edgar Quinet avec Tocqueville à propos de l'Ancien Régime},
    booktitle = {Mélanges offerts à Louis Dumont},
    publisher = {},
    location = {Paris},
    year = 1984,
    pagetotal = {},
    language = {français},
    keywords = {melanges-crh, crh-1984}
    }

@incollection{Chartier2967-1997,
    author = {Chartier, Roger},
    editor = {},
    title = {Histoire et pouvoirs de l'écrit},
    booktitle = {Vico, Malesherbes, Condorcet. Le Livre et l'historien. Etudes offertes en l'honneur du Professeur Henri-Jean Martin,},
    publisher = {},
    location = {Genève},
    year = 1997,
    pagetotal = {},
    language = {français},
    keywords = {melanges-crh, crh-1997}
    }

@incollection{Froeschle3090-1989,
    author = {Froeschle-Chopard, Marie-Hélène},
    editor = {},
    title = {Les confréries du Saint-Sacrement et la prière},
    booktitle = {Populations et Cultures, Etudes réunies en l'honneur de François Lebrun},
    publisher = {},
    location = {Rennes},
    year = 1989,
    pagetotal = {10},
    language = {français},
    keywords = {melanges-crh, crh-1989}
    }

@incollection{Guillou3154-1986,
    author = {Guillou, André},
    editor = {},
    title = {Noms, prénoms et surnoms dans la Calabre byzantine. Une enquête linguistique},
    booktitle = {Byzance. Hommage à André Stratos},
    publisher = {},
    location = {},
    year = 1986,
    pagetotal = {18},
    language = {français},
    keywords = {melanges-crh, crh-1986}
    }

@incollection{Guillou3164-1988,
    author = {Guillou, André},
    editor = {},
    title = {Piété filiale, piété impériale},
    booktitle = {Mélanges P. Lévêque},
    publisher = {},
    location = {},
    year = 1988,
    pagetotal = {11},
    language = {français},
    keywords = {melanges-crh, crh-1988}
    }

@incollection{Julia3213-1988,
    author = {Julia, Dominique},
    editor = {},
    title = {Déchristianisation ou mutation culturelle ? L'exemple du Bassin Parisien au XVIIIe siècle},
    booktitle = {Croyances, pouvoirs et société. Des Limousins aux Français. Etudes offertes à Louis Pérouas},
    publisher = {},
    location = {},
    year = 1988,
    pagetotal = {55},
    language = {français},
    keywords = {melanges-crh, crh-1988}
    }

@incollection{Julia3221-1988,
    author = {Julia, Dominique},
    editor = {},
    title = {Condorcet. L'instruction du citoyen},
    booktitle = {Hommage à Condorcet},
    publisher = {},
    location = {},
    year = 1988,
    pagetotal = {8},
    language = {français},
    keywords = {melanges-crh, crh-1988}
    }

@incollection{Julia3232-1989,
    author = {Julia, Dominique},
    editor = {},
    title = {Les écoles révolutionnaires de navigation et de canonnage maritime de l'an III},
    booktitle = {Populations et cultures, Etudes réunies en l'honneur de François Lebrun},
    publisher = {AFL},
    location = {Rennes},
    year = 1989,
    pagetotal = {10},
    language = {français},
    keywords = {melanges-crh, crh-1989}
    }

@incollection{Lagarce3265-1990,
    author = {Lagarce, Jacques and E. Lagarce},
    editor = {},
    title = {Un bâton magique égyptien en ivoire a Ras, Shamra},
    booktitle = {Mélanges A. Bounni},
    publisher = {},
    location = {},
    year = 1990,
    pagetotal = {},
    language = {français},
    keywords = {melanges-crh, crh-1990}
    }

@incollection{LeGoff3278-1987,
    author = {Le Goff, Jacques},
    editor = {},
    title = {Saint-Louis et la Prière},
    booktitle = {Horizons marins, Itinéraires spirituels (Ve-XIXe siècles)},
    publisher = {},
    location = {},
    year = 1987,
    pagetotal = {10},
    language = {français},
    keywords = {melanges-crh, crh-1987}
    }

@incollection{LeGoff3279-1988,
    author = {Le Goff, Jacques},
    editor = {},
    title = {Saint Louis et la parole royale},
    booktitle = {Le Nombre du Temps},
    publisher = {},
    location = {},
    year = 1988,
    pagetotal = {10},
    language = {français},
    keywords = {melanges-crh, crh-1988}
    }

@incollection{Schnapper3553-1986,
    author = {Schnapper, Dominique},
    editor = {},
    title = {Mémoire familiale et mémoire historique chez les Juifs français},
    booktitle = {Démographie et Sociologie},
    publisher = {},
    location = {},
    year = 1986,
    pagetotal = {10},
    language = {français},
    keywords = {melanges-crh, crh-1986}
    }

@incollection{Vincent3609-1988,
    author = {Vincent, Bernard},
    editor = {},
    title = {Les corsaires en Andalousie orientale au XVIe siècle},
    booktitle = {Homenatge al doctor Sebastià Garcia Martinez},
    publisher = {},
    location = {Valence},
    year = 1988,
    pagetotal = {8},
    language = {français},
    keywords = {melanges-crh, crh-1988}
    }

@incollection{Alleaume3631-1992,
    author = {Alleaume, Ghislaine},
    editor = {},
    title = {Les systèmes hydrauliques de l'Egypte pré-moderne : essai d'histoire du paysage},
    booktitle = {Itinéraires d'Egypte. Mélanges offerts au père Maurice Martin s.j.},
    publisher = {},
    location = {},
    year = 1992,
    pagetotal = {22},
    language = {français},
    keywords = {melanges-crh, crh-1992}
    }

@incollection{Bourdelais3732-1993,
    author = {Bourdelais, Patrice},
    editor = {},
    title = {Rythmes et modes de formation de la population du Creusot, 1836-1876},
    booktitle = {Mesurer et comprendre},
    publisher = {},
    location = {},
    year = 1993,
    pagetotal = {20},
    language = {français},
    keywords = {melanges-crh, crh-1993}
    }

@incollection{Braunstein3796-1992,
    author = {Braunstein, Philippe},
    editor = {},
    title = {Hors du mariage, point de salut. Histoires de vie en Prusse avant la Réforme},
    booktitle = {Histoire et Société},
    publisher = {},
    location = {},
    year = 1992,
    pagetotal = {10},
    language = {français},
    keywords = {melanges-crh, crh-1992}
    }

@incollection{Braunstein3799-1993,
    author = {Braunstein, Philippe},
    editor = {P.Contamine and T.Dutour and B.Schnerb},
    title = {Jehanne la Flamengue, tant pour lui que pour ses compagnes...},
    booktitle = {Commerce, Finances et Société (XI-XVIe siècles), recueil de travaux d'histoire médiévale offerts à Henri Dubois},
    publisher = {},
    location = {Paris},
    year = 1993,
    pagetotal = {5},
    language = {français},
    keywords = {melanges-crh, crh-1993}
    }

@incollection{Demelas3924-1991,
    author = {Demelas-Bohy, Marie-Daniele},
    editor = {},
    title = {Les croyances du tambour-major. Le journal d'un guérillero, 1814-1825},
    booktitle = {Andes et méso-Amérique, Cultures et sociétés},
    publisher = {},
    location = {},
    year = 1991,
    pagetotal = {24},
    language = {français},
    keywords = {melanges-crh, crh-1991}
    }

@incollection{Demonet3931-1993,
    author = {Demonet, Michel and P. Bourdelais},
    editor = {},
    title = {Rythmes et modes de formation de la population du Creusot, 1836-1876},
    booktitle = {Mesurer et comprendre},
    publisher = {},
    location = {},
    year = 1993,
    pagetotal = {20},
    language = {français},
    keywords = {melanges-crh, crh-1993}
    }

@incollection{Depeyrot3936-1991,
    author = {Depeyrot, Georges},
    editor = {},
    title = {Les P. Oxy. LI 3628/36 : prix et papyri au Bas-Empire, méthodes et approches},
    booktitle = {Glaux, 7/3, Ermanno A.Arslan studia dicata},
    publisher = {},
    location = {Milan},
    year = 1991,
    pagetotal = {6},
    language = {français},
    keywords = {melanges-crh, crh-1991}
    }

@incollection{Fauve4018-1990,
    author = {Fauve-Chamoux, Antoinette},
    editor = {},
    title = {Population rurale et comportement démographique différentiel},
    booktitle = {Modern Age-Modern Historian, in memoriam György Ranki},
    publisher = {},
    location = {Budapest},
    year = 1990,
    pagetotal = {17},
    language = {français},
    keywords = {melanges-crh, crh-1990}
    }

@incollection{Fauve4021-1991,
    author = {Fauve-Chamoux, Antoinette},
    editor = {},
    title = {Société rurale prérévolutionnaire et démographie différentielle},
    booktitle = {Historiens et populations. Liber Amicorum Etienne Hélin},
    publisher = {},
    location = {Louvain-la-Neuve},
    year = 1991,
    pagetotal = {18},
    language = {français},
    keywords = {melanges-crh, crh-1991}
    }

@incollection{Fauve4028-1993,
    author = {Fauve-Chamoux, Antoinette},
    editor = {},
    title = {Les femmes qui migrent au loin, 1500-1900 : vie nouvelle ou guillotine sèche ?},
    booktitle = {Mesurer et comprendre, Mélanges offerts à Jacques Dupâquier},
    publisher = {},
    location = {},
    year = 1993,
    pagetotal = {11},
    language = {français},
    keywords = {melanges-crh, crh-1993}
    }

@incollection{Godin4095-1993,
    author = {Godin, André},
    editor = {},
    title = {Jean Vitrier, traducteur des Pères},
    booktitle = {Langage et vérité},
    publisher = {},
    location = {},
    year = 1993,
    pagetotal = {14},
    language = {français},
    keywords = {melanges-crh, crh-1993}
    }

@incollection{Goldberg4106-1993,
    author = {Goldberg, Sylvie-Anne},
    editor = {G. Sed-Rajna},
    title = {De l'origine de la Hevrah qadichah : Rachi au service de la Wissenschaft des Judentums},
    booktitle = {Rashi 1040-1990, Hommage à Ephraïm E. Urbach},
    publisher = {},
    location = {},
    year = 1993,
    pagetotal = {7},
    language = {français},
    keywords = {melanges-crh, crh-1993}
    }

@incollection{Goy4117-1990,
    author = {Goy, Joseph},
    editor = {},
    title = {Transmission successorale et paysannerie pendant la Révolution française : un grand malentendu},
    booktitle = {Memoriam György Ranki (1930-1988)},
    publisher = {},
    location = {Budapest},
    year = 1990,
    pagetotal = {10},
    language = {français},
    keywords = {melanges-crh, crh-1990}
    }

@incollection{Hartog4182-1991,
    author = {Hartog, François},
    editor = {},
    title = {Ecritures, généalogies, archives, histoire en Grèce ancienne},
    booktitle = {Mélanges Pierre Lévêque},
    publisher = {},
    location = {},
    year = 1991,
    pagetotal = {12},
    language = {français},
    keywords = {melanges-crh, crh-1991}
    }

@incollection{Klapisch4248-1991,
    author = {Klapisch-Zuber, Christiane},
    editor = {C. Bourlet},
    title = {Comptes et mémoire : l'écriture des livres de famille florentins},
    booktitle = {L'écrit dans la société médiévale},
    publisher = {},
    location = {},
    year = 1991,
    pagetotal = {8},
    language = {français},
    keywords = {melanges-crh, crh-1991}
    }

@incollection{Klapisch4249-1992,
    author = {Klapisch-Zuber, Christiane},
    editor = {},
    title = {Au péril des commères. L'alliance spirituelle par les femmes à Florence},
    booktitle = {Femmes, Mariages, Lignages, XII-XIVe siècles.},
    publisher = {},
    location = {},
    year = 1992,
    pagetotal = {19},
    language = {français},
    keywords = {melanges-crh, crh-1992}
    }

@incollection{Klapisch4254-1992,
    author = {Klapisch-Zuber, Christiane},
    editor = {},
    title = {Les hors-la-loi de la famille. Rejets et exclusions de parenté à Florence au XIVe siècle},
    booktitle = {Pauvres et riches. Société et culture du Moyen-Age aux Temps Modernes},
    publisher = {},
    location = {Varsovie},
    year = 1992,
    pagetotal = {13},
    language = {français},
    keywords = {melanges-crh, crh-1992}
    }

@incollection{Klapisch4259-1993,
    author = {Klapisch-Zuber, Christiane},
    editor = {},
    title = {Le dernier enfant. Fécondité et vieillissement chez les florentines (XIVe-XVe siècles)},
    booktitle = {Mesurer et comprendre},
    publisher = {},
    location = {},
    year = 1993,
    pagetotal = {14},
    language = {français},
    keywords = {melanges-crh, crh-1993}
    }

@incollection{LeBras4275-1993,
    author = {Le Bras, Hervé},
    editor = {},
    title = {Peut-on mesurer le renouvellement d'une population ?},
    booktitle = {Mesurer et comprendre},
    publisher = {},
    location = {},
    year = 1993,
    pagetotal = {19},
    language = {français},
    keywords = {melanges-crh, crh-1993}
    }

@incollection{LeGoff4291-1990,
    author = {Le Goff, Jacques},
    editor = {},
    title = {Le merveilleux nordique médiéval},
    booktitle = {Pour Jean Malaurie},
    publisher = {},
    location = {Paris},
    year = 1990,
    pagetotal = {8},
    language = {français},
    keywords = {melanges-crh, crh-1990}
    }

@incollection{LeGoff4292-1990,
    author = {Le Goff, Jacques},
    editor = {},
    title = {Le rire dans les règles monastiques du haut Moyen-Age},
    booktitle = {Haut Moyen-Age Culture, éducation et société. Etudes offertes à Pierre Riché},
    publisher = {},
    location = {},
    year = 1990,
    pagetotal = {11},
    language = {français},
    keywords = {melanges-crh, crh-1990}
    }

@incollection{LeGoff4293-1990,
    author = {Le Goff, Jacques},
    editor = {},
    title = {Frantisek Graus et la crise du XIVe siècle : les structures et le hasard},
    booktitle = {Hommage à F. Graus Zur Erinnerung an Frantisek Graus},
    publisher = {},
    location = {},
    year = 1990,
    pagetotal = {11},
    language = {français},
    keywords = {melanges-crh, crh-1990}
    }

@incollection{LeMee4318-1993,
    author = {Le Mee, René},
    editor = {},
    title = {La population de Senlis en 1765},
    booktitle = {Mesurer et comprendre},
    publisher = {},
    location = {},
    year = 1993,
    pagetotal = {14},
    language = {français},
    keywords = {melanges-crh, crh-1993}
    }

@incollection{Mouradian4368-1992,
    author = {Mouradian, Claire and C. Urjewicz and C. Weill},
    editor = {},
    title = {Les étudiants du Caucase en Allemagne, 1900-1914},
    booktitle = {Russes, Slaves, Soviétiques : études d'histoire offertes à Roger Portal},
    publisher = {},
    location = {Paris},
    year = 1992,
    pagetotal = {24},
    language = {français},
    keywords = {melanges-crh, crh-1992}
    }

@incollection{Pomian4457-1990,
    author = {Pomian, Krzysztof},
    editor = {},
    title = {Muzeum wobec sztuki swojego czasu},
    booktitle = {Fermentum massae mundi. Jackowi Wozniakowskiemu w siedemdziesiata rocznice urodzin},
    publisher = {},
    location = {Varsovie},
    year = 1990,
    pagetotal = {6},
    language = {polonais},
    keywords = {melanges-crh, crh-1990}
    }

@incollection{Rucquoi4544-1992,
    author = {Rucquoi, Adeline},
    editor = {},
    title = {Le testament de dona Teresa Gil},
    booktitle = {Femmes, Mariages, Lignages, XIIe-XIVe siècles},
    publisher = {},
    location = {},
    year = 1992,
    pagetotal = {19},
    language = {français},
    keywords = {melanges-crh, crh-1992}
    }

@incollection{Schmitt4592-1992,
    author = {Schmitt, Jean-Claude},
    editor = {},
    title = {La question des images dans les débats entre juifs et chrétiens au XIIe siècle},
    booktitle = {Spannungen und Widersprüche. Gedenkenschrift für Frantisek Graus},
    publisher = {},
    location = {Sigmaringen},
    year = 1992,
    pagetotal = {10},
    language = {français},
    keywords = {melanges-crh, crh-1992}
    }

@incollection{Schmitt4594-1992,
    author = {Schmitt, Jean-Claude},
    editor = {},
    title = {La synagogue, la secte, l'Histoire et les Alpes},
    booktitle = {Etres fantastiques dans les Alpes},
    publisher = {},
    location = {},
    year = 1992,
    pagetotal = {3},
    language = {français},
    keywords = {melanges-crh, crh-1992}
    }

@incollection{Tenenti4681-1992,
    author = {Tenenti, Alberto},
    editor = {},
    title = {Proiezioni patrizie quattrocentesche alle soglie dell'ignoto},
    booktitle = {Studi veneti offerti a Gaetano Cozzi},
    publisher = {},
    location = {Venise},
    year = 1992,
    pagetotal = {12},
    language = {italien},
    keywords = {melanges-crh, crh-1992}
    }

@incollection{Vincent4713-1990,
    author = {Vincent, Bernard},
    editor = {},
    title = {Les Jésuites et les Indes},
    booktitle = {Structures et cultures des sociétés ibéro-américaines},
    publisher = {},
    location = {},
    year = 1990,
    pagetotal = {6},
    language = {français},
    keywords = {melanges-crh, crh-1990}
    }

@incollection{Vincent4730-1993,
    author = {Vincent, Bernard},
    editor = {},
    title = {Les esclaves d'Almeria (1570)},
    booktitle = {Pouvoirs et société dans l'Espagne moderne, hommage à Bartolomé Bennassar},
    publisher = {},
    location = {},
    year = 1993,
    pagetotal = {11},
    language = {français},
    keywords = {melanges-crh, crh-1993}
    }

@incollection{Piponnier4788-1975,
    author = {Piponnier, Françoise},
    editor = {},
    title = {Autour d'un foyer paysan à la fin du Moyen Age, le mobilier archéologique du bâtiment VIII de Dracy},
    booktitle = {Hommage à Geneviève Chevrier et Alain Geslan},
    publisher = {},
    location = {Strasbourg},
    year = 1975,
    pagetotal = {11},
    language = {français},
    keywords = {melanges-crh, crh-1975}
    }

@incollection{Chartier4961-1996,
    author = {Chartier, Roger},
    editor = {Françoise Parot},
    title = {Lire Meyerson aujourd'hui},
    booktitle = {Pour une Psychologie historique. Ecrits en hommage à Ignace Meyerson},
    publisher = {PUF},
    location = {Paris},
    year = 1996,
    pagetotal = {5},
    language = {français},
    keywords = {melanges-crh, crh-1996}
    }

@incollection{Chartier4984-1997,
    author = {Chartier, Roger},
    editor = {},
    title = {Prôlogo},
    booktitle = {El laberinto de las libres. Historia cultural de la Barcelona del Ouinientos, A Manuel Pena Diaz},
    publisher = {Fundaclon Sfinchez Ruipérez},
    location = {Madrid},
    year = 1997,
    pagetotal = {11},
    language = {espagnol},
    keywords = {melanges-crh, crh-1997}
    }

@incollection{Derouet5059-1997,
    author = {Derouet, Bernard},
    editor = {},
    title = {Dot et Héritage : les enjeux de la chronologie de la transmission},
    booktitle = {L'Histoire grande ouverte. Hommage à E. Le Roy Ladurie},
    publisher = {},
    location = {},
    year = 1997,
    pagetotal = {9},
    language = {français},
    keywords = {melanges-crh, crh-1997}
    }

@incollection{Froeschlé5077-1995,
    author = {Froeschlé-Chopard, Marie-Hélène},
    editor = {},
    title = {Entre frères ennemis, les prêtres jansénistes de Montpellier, témoins de la vérité},
    booktitle = {Foi, fidélité, amitié en Europe à la période moderne, Mélanges offerts à Robert Sauzet},
    publisher = {},
    location = {Tours},
    year = 1995,
    pagetotal = {12},
    language = {français},
    keywords = {melanges-crh, crh-1995}
    }

@incollection{Klapisch5283-1996,
    author = {Klapisch-Zuber, Christiane},
    editor = {S. Cohn and G. Dameron},
    title = {David Herlihy and the Florentine Catasto},
    booktitle = {Portraits of medieval and Renaissance living. Essays in memory of David Herlihy},
    publisher = {The University of Michigan Press},
    location = {Ann Arbor (Michigan)},
    year = 1996,
    pagetotal = {8},
    language = {anglais},
    keywords = {melanges-crh, crh-1996}
    }

@incollection{Pomian5454-1987,
    author = {Pomian, Krzysztof},
    editor = {},
    title = {Trzy modele poznania (Tois modèles de la connaissance},
    booktitle = {Obecnosc. Leszkowi Kolakowskiemu w 60 rocznice urodzin},
    publisher = {},
    location = {Londres},
    year = 1987,
    pagetotal = {},
    language = {polonais},
    keywords = {melanges-crh, crh-1987}
    }

@incollection{Schmitt5527-1996,
    author = {Schmitt, Jean-Claude},
    editor = {Cl. Duhamel-Amado and G. Lobrichon},
    title = {Représentations},
    booktitle = {Georges Duby, L'écriture de l'histoire},
    publisher = {De Boeck Université},
    location = {Bruxelles},
    year = 1996,
    pagetotal = {12},
    language = {français},
    keywords = {melanges-crh, crh-1996}
    }

@incollection{Julia5653-1997,
    author = {Julia, Dominique},
    editor = {},
    title = {Aveux de pèlerins},
    booktitle = {Mélanges offerts au professeur Jean Delumeau},
    publisher = {Fayard},
    location = {Paris},
    year = 1997,
    pagetotal = {},
    language = {français},
    keywords = {melanges-crh, crh-1997}
    }

@incollection{Dupront5656-1972,
    author = {Dupront, Alphonse},
    editor = {},
    title = {Pélerinages et lieux sacrés},
    booktitle = {Mélanges en l'honneur de F.Braudel},
    publisher = {},
    location = {Toulouse},
    year = 1972,
    pagetotal = {},
    language = {français},
    keywords = {melanges-crh, crh-1972}
    }

