@book{Pomian59-1988,
    author = {Pomian, Krzysztof},
    editor = {J.Le Goff and R.Chartier and J.Revel},
    title = {Histoire des structures},
    publisher = {Ed. Complexe},
    series = {},
    location = {Bruxelles},
    year = 1988,
    pagetotal = {28},
    language = {français},
    addendum = {réédition},
    keywords = {reedition-crh, crh-1988}
    }

@book{Schmitt826-1988,
    author = {Schmitt, Jean-Claude},
    editor = {J. Le Goff},
    title = {L'histoire des marginaux},
    publisher = {Ed.Complexe},
    series = {},
    location = {Bruxelles},
    year = 1988,
    pagetotal = {30},
    language = {français},
    addendum = {réédition},
    keywords = {reedition-crh, crh-1988}
    }

@book{Chaussinand905-1989,
    author = {Chaussinand-Nogaret, Guy},
    editor = {},
    title = {Madame Roland (traduction italienne)},
    publisher = {Mursia},
    series = {},
    location = {Milan},
    year = 1989,
    pagetotal = {317},
    language = {italien},
    addendum = {réédition},
    keywords = {reedition-crh, crh-1989}
    }

@book{Jeannin957-1969,
    author = {Jeannin, Pierre},
    editor = {},
    title = {L'Europe du Nord et du Nord Ouest aux XVIIe et XVIIIe siècles},
    publisher = {PUF},
    series = {},
    location = {Paris},
    year = 1969,
    pagetotal = {},
    language = {français},
    addendum = {réédition},
    keywords = {reedition-crh, crh-1969}
    }

@book{Julia1004-1997,
    author = {Julia, Dominique},
    editor = {D.Julia and E.Becchi},
    title = {Histoire de l'enfance},
    publisher = {Seuil},
    series = {},
    location = {Paris},
    year = 1997,
    pagetotal = {},
    language = {français},
    addendum = {réédition},
    keywords = {reedition-crh, crh-1997}
    }

@book{Vernant1134-1971,
    author = {Vernant, J.-P},
    editor = {},
    title = {Mythe et Pensée en Grèce ancienne},
    publisher = {Maspero (Petite Collection)},
    series = {},
    location = {Paris},
    year = 1971,
    pagetotal = {},
    language = {français},
    addendum = {réédition},
    keywords = {reedition-crh, crh-1971}
    }

@book{Schnapper1248-1976,
    author = {Schnapper, Dominique},
    editor = {},
    title = {Sociologia dell'Italia},
    publisher = {Angeli Edit.},
    series = {},
    location = {Milan},
    year = 1976,
    pagetotal = {},
    language = {italien},
    addendum = {réédition},
    keywords = {reedition-crh, crh-1976}
    }

@book{Braunstein1269-1978,
    author = {Braunstein, Philippe},
    editor = {},
    title = {Venise, portrait historique d'une cité},
    publisher = {Seuil},
    series = {},
    location = {Paris},
    year = 1978,
    pagetotal = {},
    language = {français},
    addendum = {réédition},
    keywords = {reedition-crh, crh-1978}
    }

@book{Aron1522-1979,
    author = {Aron, Jean-Paul and R.Kempf},
    editor = {},
    title = {Il pene e la demoralizzazione dell'occidente},
    publisher = {Sansoni},
    series = {},
    location = {Florence},
    year = 1979,
    pagetotal = {306},
    language = {italien},
    addendum = {réédition},
    keywords = {reedition-crh, crh-1979}
    }

@book{Ozouf1660-1979,
    author = {Ozouf, Mona},
    editor = {},
    title = {L'école, l'Eglise et la République},
    publisher = {Cana},
    series = {},
    location = {Paris},
    year = 1979,
    pagetotal = {},
    language = {français},
    addendum = {réédition},
    keywords = {reedition-crh, crh-1979}
    }

@book{Furet1871-1981,
    author = {Furet, François},
    editor = {},
    title = {Interpreting the French Revolution},
    publisher = {University Press},
    series = {},
    location = {Cambridge},
    year = 1981,
    pagetotal = {},
    language = {anglais},
    addendum = {réédition},
    keywords = {reedition-crh, crh-1981}
    }

@book{Julliard1924-1981,
    author = {Julliard, Jacques},
    editor = {},
    title = {La Quatrième République},
    publisher = {Calmann-Lévy},
    series = {poche},
    location = {Paris},
    year = 1981,
    pagetotal = {352},
    language = {français},
    addendum = {réédition},
    keywords = {reedition-crh, crh-1981}
    }

@book{LeGoff1934-1982,
    author = {Le Goff, Jacques},
    editor = {},
    title = {La civilisation de l'occident médiéval (réédition)},
    publisher = {Flammarion},
    series = {},
    location = {Paris},
    year = 1982,
    pagetotal = {},
    language = {français},
    addendum = {réédition},
    keywords = {reedition-crh, crh-1982}
    }

@book{Schmitt2022-1982,
    author = {Schmitt, Jean-Claude},
    editor = {},
    title = {Le Saint Lévrier. Guinefort guérisseur d'enfants depuis le 13e siècle (traduction)},
    publisher = {Einaudi},
    series = {},
    location = {Milan},
    year = 1982,
    pagetotal = {},
    language = {italien},
    addendum = {réédition},
    keywords = {reedition-crh, crh-1982}
    }

@book{Flandrin2277-1984,
    author = {Flandrin, Jean-Louis},
    editor = {},
    title = {Familles},
    publisher = {Seuil},
    series = {},
    location = {Paris},
    year = 1984,
    pagetotal = {},
    language = {français},
    addendum = {réédition},
    keywords = {reedition-crh, crh-1984}
    }

@book{Hocquet2363-1982,
    author = {Hocquet, Jean-Claude},
    editor = {},
    title = {2e éd. refondue et augmentée: Le sel et la fortune de Venise, vol. I : Production et monopole},
    publisher = {},
    series = {},
    location = {Lille},
    year = 1982,
    pagetotal = {},
    language = {français},
    addendum = {réédition},
    keywords = {reedition-crh, crh-1982}
    }

@book{Valensi2684-1985,
    author = {Valensi, Lucette},
    editor = {},
    title = {Tunisian Peasants in the 18th and 19th centuries},
    publisher = {},
    series = {},
    location = {Cambridge University Press},
    year = 1985,
    pagetotal = {},
    language = {anglais},
    addendum = {réédition},
    keywords = {reedition-crh, crh-1985}
    }

@book{Boureau2830-1989,
    author = {Boureau, Alain},
    editor = {},
    title = {La Papisa Juana},
    publisher = {EDAF},
    series = {},
    location = {Madrid},
    year = 1989,
    pagetotal = {},
    language = {espagnol},
    addendum = {réédition},
    keywords = {reedition-crh, crh-1989}
    }

@book{Chartier2884-1987,
    author = {Chartier, Roger},
    editor = {},
    title = {The Cultural Uses of Print in Early Modern France},
    publisher = {Princeton University Press},
    series = {},
    location = {Princeton},
    year = 1987,
    pagetotal = {},
    language = {anglais},
    addendum = {réédition},
    keywords = {reedition-crh, crh-1987}
    }

@book{Chartier2892-1988,
    author = {Chartier, Roger},
    editor = {},
    title = {Letture e lettori nella Francia di Antico Regime},
    publisher = {G. Einaudi (éd.)},
    series = {},
    location = {Torino},
    year = 1988,
    pagetotal = {},
    language = {italien},
    addendum = {réédition},
    keywords = {reedition-crh, crh-1988}
    }

@book{Chaussinand2933-1989,
    author = {Chaussinand-Nogaret, Guy},
    editor = {},
    title = {Mirabeau (traduction allemande)},
    publisher = {Klett-Cotta},
    series = {},
    location = {Stuttgart},
    year = 1989,
    pagetotal = {329},
    language = {allemand},
    addendum = {réédition},
    keywords = {reedition-crh, crh-1989}
    }

@book{Chaussinand2934-1989,
    author = {Chaussinand-Nogaret, Guy},
    editor = {},
    title = {Madame Roland (traduction allemande)},
    publisher = {Klett-Cotta},
    series = {},
    location = {Stuttgart},
    year = 1989,
    pagetotal = {372},
    language = {allemand},
    addendum = {réédition},
    keywords = {reedition-crh, crh-1989}
    }

@book{Ferro3027-1986,
    author = {Ferro, Marc},
    editor = {},
    title = {Comment on raconte l'histoire aux enfants à travers le monde entier (traductions en Italien, Allemand, Néerlandais, Japonais et Américain)},
    publisher = {Gallimard},
    series = {coll. Folio},
    location = {Paris},
    year = 1986,
    pagetotal = {},
    language = {français},
    addendum = {réédition},
    keywords = {reedition-crh, crh-1986}
    }

@book{Ferro3028-1987,
    author = {Ferro, Marc},
    editor = {},
    title = {L'histoire sous surveillance : science et conscience de l'histoire},
    publisher = {Gallimard},
    series = {coll. Folio},
    location = {Paris},
    year = 1987,
    pagetotal = {},
    language = {français},
    addendum = {réédition},
    keywords = {reedition-crh, crh-1987}
    }

@book{Hartog3174-1988,
    author = {Hartog, François},
    editor = {},
    title = {The mirror of Herodotus},
    publisher = {University of California Press},
    series = {},
    location = {Berkeley},
    year = 1988,
    pagetotal = {},
    language = {anglais},
    addendum = {réédition},
    keywords = {reedition-crh, crh-1988}
    }

@book{Jeannin3185-1987,
    author = {Jeannin, Pierre},
    editor = {},
    title = {L'Europe du Nord et du Nord-Ouest au XVIIe et XVIIIe siècles},
    publisher = {PUF (Nouvelle Clio)},
    series = {},
    location = {Paris},
    year = 1987,
    pagetotal = {},
    language = {français},
    addendum = {réédition},
    keywords = {reedition-crh, crh-1987}
    }

@book{Jouhaud3197-1987,
    author = {Jouhaud, Christian},
    editor = {R.Chartier},
    title = {Lisibilité et persuasion : les placards politiques (traduction anglaise)},
    publisher = {Polity Press},
    series = {},
    location = {Cambridge},
    year = 1987,
    pagetotal = {34},
    language = {français},
    addendum = {réédition},
    keywords = {reedition-crh, crh-1987}
    }

@book{Jouhaud3198-1987,
    author = {Jouhaud, Christian},
    editor = {R.Chartier},
    title = {Imprimer l'événement : La Rochelle à Paris (traduction anglaise)},
    publisher = {Polity Press},
    series = {},
    location = {Cambridge},
    year = 1987,
    pagetotal = {58},
    language = {anglais},
    addendum = {réédition},
    keywords = {reedition-crh, crh-1987}
    }

@book{LeGoff3291-1989,
    author = {Le Goff, Jacques},
    editor = {},
    title = {La Nouvelle Histoire},
    publisher = {Ed. Complexe},
    series = {nouvelle édition},
    location = {Paris},
    year = 1989,
    pagetotal = {},
    language = {français},
    addendum = {réédition},
    keywords = {reedition-crh, crh-1989}
    }

@book{Pomian3456-1989,
    author = {Pomian, Krzysztof},
    editor = {},
    title = {Collezionisti, amatori e curiosi. Parigi-Venezia XVI-XVIII secolo},
    publisher = {Mondadori},
    series = {},
    location = {Milan},
    year = 1989,
    pagetotal = {},
    language = {italien},
    addendum = {réédition},
    keywords = {reedition-crh, crh-1989}
    }

@book{Valensi3597-1989,
    author = {Valensi, Lucette},
    editor = {},
    title = {Venezia e la Sublime Porta. La nascita del despota},
    publisher = {Il Mulino},
    series = {},
    location = {Bologne},
    year = 1989,
    pagetotal = {},
    language = {italien},
    addendum = {réédition},
    keywords = {reedition-crh, crh-1989}
    }

@book{Boureau3746-1991,
    author = {Boureau, Alain},
    editor = {},
    title = {La Papessa Giovanna},
    publisher = {},
    series = {},
    location = {Turin},
    year = 1991,
    pagetotal = {},
    language = {italien},
    addendum = {réédition},
    keywords = {reedition-crh, crh-1991}
    }

@book{Chapelot3831-1991,
    author = {Chapelot, Jean and I. Cabillic},
    editor = {},
    title = {Le château de Vincennes. 2e édition},
    publisher = {},
    series = {},
    location = {Rennes},
    year = 1991,
    pagetotal = {},
    language = {français},
    addendum = {réédition},
    keywords = {reedition-crh, crh-1991}
    }

@book{Chartier3840-1990,
    author = {Chartier, Roger},
    editor = {},
    title = {Historia da vida privada},
    publisher = {},
    series = {},
    location = {Lisbonne},
    year = 1990,
    pagetotal = {},
    language = {portugais},
    addendum = {réédition},
    keywords = {reedition-crh, crh-1990}
    }

@book{Chartier3841-1990,
    author = {Chartier, Roger},
    editor = {R. Chartier and H.-J. Martin},
    title = {Histoire de l'édition française (réédition avec un complément bibliographique)},
    publisher = {},
    series = {},
    location = {Paris},
    year = 1990,
    pagetotal = {},
    language = {français},
    addendum = {réédition},
    keywords = {reedition-crh, crh-1990}
    }

@book{Chartier3848-1991,
    author = {Chartier, Roger},
    editor = {R. Chartier and H.-J. Martin},
    title = {Histoire de l'édition française. réédition avec un complément bibliographique},
    publisher = {},
    series = {},
    location = {Paris},
    year = 1991,
    pagetotal = {},
    language = {français},
    addendum = {réédition},
    keywords = {reedition-crh, crh-1991}
    }

@book{Chartier3849-1991,
    author = {Chartier, Roger and P. Ariès},
    editor = {},
    title = {Historia da Vida Privada, 3 Da Renascença ao Século das Luzes},
    publisher = {},
    series = {},
    location = {Sao Paulo},
    year = 1991,
    pagetotal = {},
    language = {portugais},
    addendum = {réédition},
    keywords = {reedition-crh, crh-1991}
    }

@book{Chartier3850-1991,
    author = {Chartier, Roger and P. Ariès},
    editor = {},
    title = {Geschichte des privaten Lebens},
    publisher = {},
    series = {},
    location = {Francfort-sur-le-Main},
    year = 1991,
    pagetotal = {},
    language = {allemand},
    addendum = {réédition},
    keywords = {reedition-crh, crh-1991}
    }

@book{Chartier3862-1992,
    author = {Chartier, Roger},
    editor = {},
    title = {Die unvollendete Vergangenheit. Geschichte und die Macht der Weltauslegung  (rééd.)},
    publisher = {},
    series = {},
    location = {Francfort-sur-le-Main},
    year = 1992,
    pagetotal = {},
    language = {allemand},
    addendum = {réédition},
    keywords = {reedition-crh, crh-1992}
    }

@book{Chartier3873-1993,
    author = {Chartier, Roger},
    editor = {},
    title = {Libros, lecturas y lectores en la Edad Moderna},
    publisher = {},
    series = {},
    location = {Madrid},
    year = 1993,
    pagetotal = {},
    language = {espagnol},
    addendum = {réédition},
    keywords = {reedition-crh, crh-1993}
    }

@book{Chartier3875-1993,
    author = {Chartier, Roger},
    editor = {},
    title = {L'ordre des livres (en japonais)},
    publisher = {},
    series = {},
    location = {Tokyo},
    year = 1993,
    pagetotal = {},
    language = {japonais},
    addendum = {réédition},
    keywords = {reedition-crh, crh-1993}
    }

@book{Ferro4043-1993,
    author = {Ferro, Marc},
    editor = {},
    title = {nouvelle édition de Cinéma et histoire},
    publisher = {},
    series = {},
    location = {Paris},
    year = 1993,
    pagetotal = {},
    language = {français},
    addendum = {réédition},
    keywords = {reedition-crh, crh-1993}
    }

@book{Hartog4180-1991,
    author = {Hartog, François},
    editor = {},
    title = {Le miroir d'Hérodote},
    publisher = {Paris},
    series = {},
    location = {nouvelle édition revue et augmentée},
    year = 1991,
    pagetotal = {},
    language = {français},
    addendum = {réédition},
    keywords = {reedition-crh, crh-1991}
    }

@book{Pomian4445-1990,
    author = {Pomian, Krzysztof},
    editor = {},
    title = {Collectors and Curiosities, Paris and Venice, 1500-1800},
    publisher = {},
    series = {},
    location = {Cambridge},
    year = 1990,
    pagetotal = {},
    language = {anglais},
    addendum = {réédition},
    keywords = {reedition-crh, crh-1990}
    }

@book{Valensi4693-1991,
    author = {Valensi, Lucette and A.-L. Udovitch},
    editor = {},
    title = {Juifs en Terre d'Islam. Les communautés de Djerba},
    publisher = {},
    series = {},
    location = {Paris},
    year = 1991,
    pagetotal = {},
    language = {français},
    addendum = {réédition},
    keywords = {reedition-crh, crh-1991}
    }

@book{Berlioz4777-1994,
    author = {Berlioz, Jacques},
    editor = {},
    title = {Identifier sources et citations (2e édition augmentée)},
    publisher = {Brepols},
    series = {},
    location = {Turnhout},
    year = 1994,
    pagetotal = {},
    language = {français},
    addendum = {réédition},
    keywords = {reedition-crh, crh-1994}
    }

@book{Chartier4898-1994,
    author = {Chartier, Roger},
    editor = {},
    title = {The Order of Books. Readers, Authors, and Libraries in Europe between the Fourteenth and Eigteenth Centuries},
    publisher = {Polity Press/Stanford University Press},
    series = {},
    location = {Cambridge/ Stanford},
    year = 1994,
    pagetotal = {126},
    language = {anglais},
    addendum = {réédition},
    keywords = {reedition-crh, crh-1994}
    }

@book{Chartier4899-1994,
    author = {Chartier, Roger},
    editor = {},
    title = {L'ordine dei libri},
    publisher = {Il Saggiatore},
    series = {},
    location = {Milan},
    year = 1994,
    pagetotal = {},
    language = {italien},
    addendum = {réédition},
    keywords = {reedition-crh, crh-1994}
    }

@book{Chartier4902-1994,
    author = {Chartier, Roger},
    editor = {},
    title = {Les Origines culturelles de la révolution française (en Janopais)},
    publisher = {Iwanami Shoten},
    series = {},
    location = {Tokyo},
    year = 1994,
    pagetotal = {},
    language = {japonais},
    addendum = {réédition},
    keywords = {reedition-crh, crh-1994}
    }

@book{Chartier4903-1994,
    author = {Chartier, Roger},
    editor = {},
    title = {Lecturas y lectores en la Francia del Antiguo Régimen},
    publisher = {Instituto Mora},
    series = {},
    location = {México},
    year = 1994,
    pagetotal = {},
    language = {espagnol},
    addendum = {réédition},
    keywords = {reedition-crh, crh-1994}
    }

@book{Chartier4927-1995,
    author = {Chartier, Roger},
    editor = {},
    title = {Die kulturellen Ursprünge der Franzözischen Revolution},
    publisher = {Campus},
    series = {},
    location = {Francfort-sur-le Main},
    year = 1995,
    pagetotal = {},
    language = {allemand},
    addendum = {réédition},
    keywords = {reedition-crh, crh-1995}
    }

@book{Depeyrot5048-1996,
    author = {Depeyrot, Georges},
    editor = {},
    title = {Crisis e inflación entre la antigüedad y la edad media},
    publisher = {},
    series = {},
    location = {Barcelone},
    year = 1996,
    pagetotal = {},
    language = {espagnol},
    addendum = {réédition},
    keywords = {reedition-crh, crh-1996}
    }

@book{Giard5185-1994,
    author = {Giard, Luce and M. de Certeau and P. Mayol},
    editor = {},
    title = {L'Invention du quotidien},
    publisher = {Paris},
    series = {},
    location = {nouvelle édition revue et augmentée},
    year = 1994,
    pagetotal = {},
    language = {français},
    addendum = {réédition},
    keywords = {reedition-crh, crh-1994}
    }

@book{Goldberg5203-1996,
    author = {Goldberg, Sylvie-Anne},
    editor = {},
    title = {réédition du Dictionnaire Encyclopédique du Judaïsme. Esquisse de l'histoire du Peuple Juif},
    publisher = {Cerf},
    series = {réédition Cerf/Laffont},
    location = {Paris},
    year = 1996,
    pagetotal = {},
    language = {français},
    addendum = {réédition},
    keywords = {reedition-crh, crh-1996}
    }

@book{Goubert5208-1995,
    author = {Goubert, Jean-Pierre},
    editor = {},
    title = {La Conquête de l'eau. L'avènement de la santé à l'âge industiel},
    publisher = {},
    series = {},
    location = {Paris},
    year = 1995,
    pagetotal = {},
    language = {français},
    addendum = {réédition},
    keywords = {reedition-crh, crh-1995}
    }

@book{Lepetit5322-1994,
    author = {Lepetit, Bernard},
    editor = {},
    title = {The Pre-Industrial Urban System : France 1740-1840},
    publisher = {M.S.H.},
    series = {},
    location = {Cambridge University Press/Paris},
    year = 1994,
    pagetotal = {},
    language = {anglais},
    addendum = {réédition},
    keywords = {reedition-crh, crh-1994}
    }

@book{Mouradian5368-1995,
    author = {Mouradian, Claire},
    editor = {},
    title = {L'Arménie},
    publisher = {P.U.F. (collection " Que-sais-je " n° 851)},
    series = {},
    location = {Paris},
    year = 1995,
    pagetotal = {},
    language = {français},
    addendum = {réédition},
    keywords = {reedition-crh, crh-1995}
    }

@book{Schnapper5558-1994,
    author = {Schnapper, Dominique},
    editor = {},
    title = {avant-propos à la nouvelle édition: l'épreuve du chomage quinze ans après},
    publisher = {Gallimard},
    series = {Folio-actuel},
    location = {Paris},
    year = 1994,
    pagetotal = {41},
    language = {français},
    addendum = {réédition},
    keywords = {reedition-crh, crh-1994}
    }

