%%%%%%%%%%%%%%%%%%%%%%%%%%%%%%

%%%%BIBLIOGRAPHIE 2017 CRH%%%%

%%%%%%%%%%%%%%%%%%%%%%%%%%%%%%

%%%%%% MONOGRAPHIES 2017 %%%%%%

@book{bruhns2017a,
  author = {Bruhns, Hinnerk},
  title = {Max Weber und der Erste Weltkrieg},
  publisher = {Mohr Siebeck},
  date = {2017},
  language = {de},
  address = {Tübingen},
  keywords = {monographie2017}
}
@book{baruch2017a1,
  author = {Baruch, Marc Olivier},
  title = {Le Régime de Vichy, 1940-1944},
  publisher = {Tallandier},
  date = {2017},
  pagetotal = {222},
  language = {fr},
  series = {Texto},
  address = {Paris},
  keywords = {monographie2017}
}
@book{baumgarten2017a,
  author = {Baumgarten, Jean},
  title = {Le Petit Monde : le corps humain dans les textes de la tradition juive, de la Bible aux Lumières},
  publisher = {Albin Michel},
  date = {2017},
  pagetotal = {400},
  language = {fr},
  address = {Paris},
  keywords = {monographie2017}
}
@book{burguiere2017a,
  author = {Burguiere, André},
  title = {La gauche va-t-elle disparaître ?},
  publisher = {Stock},
  date = {2017},
  pagetotal = {310},
  language = {fr},
  address = {Paris},
  keywords = {monographie2017}
}
@book{debiais2017a,
  author = {Debiais, Vincent},
  title = {La Croisée des signes},
  subtitle = {L’écriture et l’image médiévale (800-1200)},
  publisher = {Éditions du Cerf},
  date = {2017},
  pagetotal = {376},
  language = {fr},
  address = {Paris},
  keywords = {monographie2017}
}
@book{delaurenti2017a1,
  author = {Delaurenti, Béatrice},
  title = {Lettres de Marinette 1914-1915},
  note = {Préface de Clémentine Vidal-Naquet},
  publisher = {Orizons},
  date = {2017},
  pagetotal = {254},
  language = {fr},
  address = {Paris},
  keywords = {monographie2017}
}
@book{iacub2017a,
  author = {Iacub, Marcela},
  title = {Le Che, à mort},
  publisher = {Robert Laffont},
  date = {2017},
  pagetotal = {156},
  language = {fr},
  address = {Paris},
  keywords = {monographie2017}
}
@book{laurent2017a,
  author = {Joly, Laurent},
  title = {Dénoncer les juifs sous l’Occupation},
  subtitle = {Paris, 1940-1944},
  publisher = {CNRS Éditions},
  date = {2017},
  pagetotal = {231},
  language = {fr},
  address = {Paris},
  keywords = {monographie2017}
}
@book{lebras2017a1,
  author = {Le Bras, Hervé and Fourquet, Jérôme},
  title = {Le Puzzle français},
  subtitle = {Le nouveau partage électoral},
  publisher = {Fondation Jean Jaurès},
  date = {2017},
  pagetotal = {184},
  language = {fr},
  address = {Paris},
  keywords = {monographie2017}
}
@book{lebras2017b,
  author = {Le Bras, Hervé and Fourquet, Jérôme},
  title = {La Guerre des trois},
  subtitle = {La primaire de la droite et du centre},
  publisher = {Fondation Jean Jaurès},
  date = {2017},
  pagetotal = {132},
  language = {fr},
  address = {Paris},
  keywords = {monographie2017}
}
@book{lebras2017c,
  author = {Le Bras, Hervé},
  title = {Malaise dans l'identité},
  publisher = {Actes Sud},
  date = {2017},
  pagetotal = {128},
  language = {fr},
  address = {Arles},
  keywords = {monographie2017}
}
@book{lebras2017d,
  author = {Le Bras, Hervé},
  title = {L'Age des migrations},
  publisher = {Autrement},
  date = {2017},
  pagetotal = {142},
  language = {fr},
  address = {Paris},
  keywords = {monographie2017}
}
@book{leroux2017a,
  author = {Le Roux, Thomas and Jarrige, François},
  title = {La Contamination du monde},
  subtitle = {Une histoire des pollutions à l’âge industriel},
  publisher = {Le Seuil},
  date = {2017},
  language = {fr},
  address = {Paris},
  keywords = {monographie2017}
}
@book{lilti2017a,
  author = {Lilti, Antoine},
  title = {The Invention of Celebrity},
  translator = {Jeffres, L.},
  publisher = {Polity},
  date = {2017},
  pagetotal = {320},
  language = {en},
  address = {London},
  keywords = {monographie2017}
}
@book{luna2017a1,
  author = {Luna, Pablo F.},
  title = {El Tránsito de la Buenamuerte por Lima},
  subtitle = {Auge y declive de una orden religiosa azucarera. Siglos XVIII y XIX},
  publisher = {Iberoamericana-Vervuert},
  date = {2017},
  language = {es},
  address = {Madrid-Francfort},
  keywords = {monographie2017}
}
@book{musset2017a1,
  author = {Musset, Alain},
  title = {Le Mexique},
  publisher = {PUF},
  date = {2017},
  note = {1ère édition : 2004},
  pagetotal = {128},
  language = {fr},
  series = {Que sais-je ?},
  address = {Paris},
  keywords = {monographie2017}
}
@book{musset2017b,
  author = {Musset, Alain},
  title = {Autant embrasser un Wookiee !},
  publisher = {Dunod},
  date = {2017},
  pagetotal = {214},
  language = {fr},
  address = {Paris},
  keywords = {monographie2017}
}
@book{schmitt2017a1,
  author = {Schmitt, Jean-Claude},
  title = {L’Invention de l’anniversaire},
  publisher = {Arkhé},
  date = {2017},
  note = {2e édition revue et augmentée},
  language = {fr},
  address = {Paris},
  keywords = {monographie2017}
}
@book{vincent2017a1,
  author = {Vincent, Bernard},
  title = {L'Islam d'Espagne au XVIe siècle},
  subtitle = {Résistances identitaires des morisques},
  publisher = {Éditions Bouchene},
  date = {2017},
  pagetotal = {258},
  language = {fr},
  address = {Saint-Denis},
  keywords = {monographie2017}
}

%%%%%% DIRECTIONS D'OUVRAGE 2017 %%%%%%

@proceedings{aymard2017a,
  editor = {Aymard, Maurice and Bruhns, Hinnerk and Nettelbeck, Joachim},
  editortype = {dir.},
  title = {Clemens Heller, imprésario des sciences sociales},
  publisher = {Éditions de la Maison des sciences de l’homme},
  date = {2017},
  language = {fr},
  address = {Paris},
  keywords = {dirouvrage2017}
}
@proceedings{burguiere-a,
  author = {Burguiere, André and Le Roy Ladurie, Emmanuel},
  title = {Anthologie des Annales, 1929-2010},
  note = {En japonais},
  volume = {V},
  date = {2017},
  editor = {Grenier, Jean-Yves},
  editortype = {dir.},
  publisher = {Fujiwara-Shoten},
  language = {ja},
  address = {Tokyo},
  keywords = {dirouvrage2017}
}
@proceedings{grenier2017a,
  editor = {Grenier, Jean-Yves},
  editortype = {dir.},
  title = {Anthologie des Annales},
  volume = {V},
  pagetotal = {576},
  note = {Tokyo,},
  publisher = {Editions Fujiwara-Shoten},
  date = {2017},
  language = {ja},
  keywords = {dirouvrage2017}
}
@proceedings{canal2017a1,
  editor = {Canal, Jordi},
  editortype = {dir.},
  title = {Histoire de l'Espagne contemporaine, de 1808 à nos jours},
  series = {Politique et société},
  publisher = {Armand Colin},
  note = {3ème édition mise à jour et augmentée},
  date = {2017},
  pagetotal = {340},
  language = {fr},
  address = {Paris},
  keywords = {dirouvrage2017}
}
@proceedings{canal2017b1,
  editor = {Canal, Jordi},
  editortype = {dir.},
  title = {Historia contemporánea de España},
  volume = {1},
  publisher = {Taurus},
  date = {2017},
  pagetotal = {863},
  language = {es},
  address = {Barcelone},
  keywords = {dirouvrage2017}
}
@proceedings{canal2017b2,
  editor = {Canal, Jordi},
  editortype = {dir.},
  title = {Historia contemporánea de España},
  volume = {2},
  publisher = {Taurus},
  date = {2017},
  pagetotal = {832},
  language = {es},
  address = {Barcelone},
  keywords = {dirouvrage2017}
}
@proceedings{cerutti-a,
  editor = {Cerutti, Simona and Bargaoui, S. and Grangaud, I.},
  editortype = {dir.},
  title = {L’Appartenance locale et propriété au nord et au sud de la Méditerranée},
  publisher = {Institut de recherches et d’études sur les mondes arabes et musulmans},
  date = {2015},
  address = {Aix-en-Provence},
  doi = {10.4000/books.iremam.3396},
  url = {https://books.openedition.org/iremam/3396},
  language = {fr},
  keywords = {dirouvrage2017}
}
@proceedings{delaurenti2017a2,
  editor = {Delaurenti, Béatrice and Dufal, Blaise and Nagy, Piroska},
  editortype = {dir.},
  title = {L’Historien et les fantômes},
  subtitle = {Lectures (autour) de l’œuvre d’Alain Boureau},
  publisher = {Belles Lettres},
  date = {2017},
  pagetotal = {234},
  language = {fr},
  address = {Paris},
  keywords = {dirouvrage2017}
}
@proceedings{fridenson2017a,
  editor = {Fridenson, Patrick and Hachez-Leroy, Florence},
  editortype = {dir.},
  title = {L’Aluminium, matière à création, XIXe-XXIe siècles},
  publisher = {Presses universitaires François Rabelais},
  date = {2017},
  pagetotal = {361},
  language = {fr},
  keywords = {dirouvrage2017}
}
@proceedings{fridenson2017b,
  editor = {Fridenson, Patrick and Takeo, Kikkawa},
  editortype = {dir.},
  title = {Ethical Capitalism},
  subtitle = {Shibusawa Eiichi and Business Leadership in Global Capitalism},
  publisher = {University of Toronto Press},
  date = {2017},
  pagetotal = {232},
  language = {en},
  address = {Toronto},
  keywords = {dirouvrage2017}
}
@proceedings{lebras2017a2,
  editor = {Le Bras, Hervé and Garcia, Dominique},
  editortype = {dir.},
  title = {Archéologie des migrations},
  publisher = {La Découverte},
  date = {2017},
  pagetotal = {390},
  language = {fr},
  address = {Paris},
  keywords = {dirouvrage2017}
}
@proceedings{luna2017a2,
  editor = {Luna, Pablo F. and Mignemi, Niccolo},
  editortype = {dir.},
  publisher = {Syllepse},
  title = {Prédateurs et Résistants},
  subtitle = {Appropriation et réappropriation de la terre et des ressources naturelles (16e-20e siècle)},
  date = {2017},
  language = {fr},
  address = {Paris},
  keywords = {dirouvrage2017}
}
@proceedings{monnet-a,
  editor = {Monnet, Pierre and Serrier, Thomas and Bader, Olaf and François, Etienne},
  editortype = {dir.},
  title = {Europa},
  subtitle = {Notre histoire},
  publisher = {Les Arènes},
  address = {Paris},
  note = {3 vol.},
  date = {2017},
  language = {fr},
  keywords = {dirouvrage2017}
}
@proceedings{musset2017a2,
  editor = {Musset, Alain and Piboubes, Jean-Yves},
  editortype = {dir.},
  title = {Géopolitique des Amériques},
  publisher = {Nathan},
  date = {2017},
  note = {5e édition actualisée et enrichie},
  pagetotal = {397},
  language = {fr},
  series = {Nouveaux continents},
  address = {Paris},
  keywords = {dirouvrage2017}
}
@proceedings{oliveira2017a,
  editor = {De Oliveira, Mathieu and Quennouëlle-Corre, Laure and Rigaudiere, Albert and Touzery, Mireille},
  editortype = {dir.},
  title = {Les grandes dates de l'histoire économique et financière de la France},
  publisher = {Comité pour l'histoire économique et financière de la France / IGPDE},
  date = {2017},
  pagetotal = {238},
  language = {fr},
  address = {Paris},
  keywords = {dirouvrage2017}
}
@proceedings{gross2017a,
  editor = {Gross, Martine and Nizard, Sophie and Scioldo-Zürcher, Yann},
  editortype = {dir.},
  title = {Gender, Families and Transmission in the Contemporary Jewish Context},
  publisher = {Cambridge Scholars},
  address = {Cambridge},
  pagetotal = {190},
  date = {2017},
  language = {en},
  keywords = {dirouvrage2017}
}
@proceedings{vincent2017a2,
  editor = {Vincent, Bernard},
  editortype = {dir.},
  title = {L'Islam d'Espagne au XVIe siècle},
  subtitle = {Résistances identitaires des morisques},
  publisher = {Editions Bouchene},
  date = {2017},
  pagetotal = {258},
  language = {fr},
  address = {Saint-Denis},
  keywords = {dirouvrage2017}
}

%%%%%% DIRECTIONS DE NUMERO DE REVUE 2018 %%%%%%
% @periodical : <title> = titre du périodique, <issuetitle> titre du numéro.
% @proceedings : <title> = titre du périodique, <subtitle> titre du numéro.

@proceedings{alexandre-bidon2017a,
  editor = {Alexandre-Bidon, Danièle and Mane, Perrine and Wilmart, Mickaël},
  editortype = {dir.},
  subtitle = {La Poule : pratiques d’élevage et histoire culturelle},
  date = {2017},
  url = {http://journals.openedition.org/ethnoecologie/3246,},
  doi = {10.4000/ethnoecologie.3246},
  language = {fr},
  title = {Revue d’ethnoécologie},
  keywords = {dirrevue2017}
}
@proceedings{amiel2017a,
  editor = {Amiel, Charles and Sibon, Juliette and Soussen, Claire},
  editortype = {dir.},
  subtitle = {Les Juifs et la nation au Moyen Âge},
  publisher = {Armand Colin},
  date = {2017},
  pages = {168},
  language = {fr},
  title = {Revue de l’histoire des religions},
  address = {Paris},
  keywords = {dirrevue2017}
}
@proceedings{amiel2017b,
  editor = {Amiel, Charles and Massa, Francesco},
  editortype = {dir.},
  subtitle = {Les Discours sur les religions dans l’Empire romain : regards croisés entre « païens », « juifs » et « chrétiens »},
  publisher = {Armand Colin},
  date = {2017},
  pages = {248},
  language = {fr},
  title = {Revue de l’histoire des religions},
  address = {Paris},
  keywords = {dirrevue2017}
}
@proceedings{boudjaaba2017a,
  editor = {Boudjaaba, Fabrice and Garcia Gonzalez, Francisco},
  editortype = {dir.},
  volume = {18},
  subtitle = {El trabajo doméstico y sirviente en la Europa rural (ss. XVI-XIX). Diversidad de modelos regionales y formas de dependencia},
  date = {2017},
  doi = {10.24215/15155994e063},
  language = {es},
  title = {Mundo Agrario},
  number = {39},
  keywords = {dirrevue2017}
}
@proceedings{brando2017a,
  editor = {Brando, Carmen and Frontini, Francesca},
  editortype = {dir.},
  subtitle = {Semantic Historical Gazetteers and Related NLP and Corpus Linguistics Applications},
  volume = {13},
  note = {Semantic Historical Gazetteers: A Place for Places - Papers from the DH2016 GeoHumanities SIG Workshop},
  note = {Numéro spécial},
  publisher = {Routledge-Taylor \& Francis},
  date = {2017},
  language = {en},
  title = {Journal of Map and Geography Libraries},
  number = {1},
  doi = {10.1080/15420353.2017.1307307},
  keywords = {dirrevue2017}
}
@proceedings{cerutti2017a,
  editor = {Cerutti, Simona and Grangaud, I.},
  editortype = {dir.},
  subtitle = {Fuori mercato. Appartenenze locali e beni nel Mediterraneo},
  volume = {154},
  number = {1},
  date = {2017},
  language = {it},
  title = {Quaderni Storici},
  keywords = {dirrevue2017}
}
@proceedings{grevsmuehl2017a,
  editor = {Grevsmühl, Sebastian V.},
  editortype = {dir.},
  date = {2017},
  volume = {4},
  url = {http://onlinelibrary.wiley.com/journal/10.1002/(ISSN)2054-4049/homepage/open_collections.htm},
  doi = {10.1002/geo2.35},
  language = {fr},
  subtitle = {Global environmental images},
  title = {Geo : Geography and Environment},
  address = {Londres},
  publisher = {Wiley},
  note = {Numéro spécial},
  number = {1},
  keywords = {dirrevue2017}
}
@proceedings{hachez-leroy2017a,
  editor = {Hachez-Leroy, Florence},
  editortype = {dir.},
  volume = {87},
  date = {2017},
  language = {fr},
  title = {Entreprises et histoire},
  subtitle = {Patrimoine industriel},
  number = {2},
  keywords = {dirrevue2017}
}
@proceedings{chartier2017a,
  editor = {Chartier, Roger and Jouhaud, Christian},
  editortype = {dir.},
  subtitle = {Ecrire les écritures. Hommage à Daniel Fabre},
  volume = {16},
  date = {2017},
  url = {https://acrh.revues.org/7466.},
  language = {fr},
  title = {L'Atelier du CRH},
  number = {bis},
  address = {Paris},
  keywords = {dirrevue2017}
}
@proceedings{jouhaud2017a1,
  editor = {Jouhaud, Christian and Soudan, Cécile and Viala, Alain},
  editortype = {dir.},
  subtitle = {À l'enseigne du Grihl},
  title = {Les Dossiers du Grihl},
  edition = {02},
  date = {2017},
  url = {http://journals.openedition.org/dossiersgrihl/6769.},
  language = {fr},
  address = {Paris},
  keywords = {dirrevue2017}
}
@proceedings{klapisch-zuber2017a,
  editor = {Klapisch-Zuber, Christiane and Fine, Agnès},
  editortype = {dir.},
  subtitle = {Le nom des femmes},
  volume = {45},
  number = {1},
  date = {2017},
  language = {fr},
  title = {Clio. Femmes, Genre, Histoire},
  keywords = {dirrevue2017}
}
@proceedings{herment2017a,
  editor = {Herment, Laurent and Le Roux, Thomas},
  editortype = {dir.},
  subtitle = {Recycling: The Industrial City and Its Surrounding Countryside, 1750-1850},
  volume = {2},
  date = {2017},
  language = {en},
  title = {Journal of the History of Environment and Society},
}
@proceedings{stanziani2017a,
  editor = {Stanziani, Alessandro},
  editortype = {dir.},
  volume = {58},
  date = {2017},
  language = {fr},
  title = {Cahiers du monde russe},
  subtitle = {1917. Historiographie, dynamiques révolutionnaires et mémoire contestée},
  number = {1-2},
  keywords = {dirrevue2017}
}
@proceedings{beaur2017a1,
  editor = {Beaur, Gérard},
  editortype = {dir.},
  subtitle = {Travail et niveau de vie ou « la révolution industrieuse » en débat},
  date = {2017},
  volume = {64},
  number = {4},
  language = {fr},
  title = {Revue d'histoire moderne et contemporaine},
  address = {Paris},
  publisher = {Belin},
  keywords = {dirrevue2017}
}

%%%%%% ÉDITIONS ET ÉDITIONS CRITIQUES 2017 %%%%%%

@book{boureau2017,
  author = {{Chiaro de Florence}},
  editor = {Boureau, Alain},
  editortype = {éd},
  title = {Le Livre des cas et Manfredo de Tortona, Traité des restitutions et De la diversité des contrats},
  publisher = {Les Belles Lettres},
  series = {Bibliothèque scolastique, 13},
  date = {2017},
  language = {fr},
  address = {Paris},
  pagetotal = {412},
  keywords = {editions2017}
}

@book{lyoncaen2017,
  editor = {Lyon-Caen, Judith},
  title = {Les Cahiers de Janina},
  publisher = {Classiques Garnier},
  date = {2017},
  language = {fr},
  address = {Paris},
  note = {Édition de poche de l’édition de 2016},
  keywords = {editions2017}
}

%%%%%% PRÉFACES ET POSTFACES 2017 %%%%%%

@incollection{arnoux2017a,
  author = {Arnoux, Mathieu},
  title = {Introduction},
  editor = {Pallini-Martin, A.},
  publisher = {Garnier},
  date = {2017},
  pages = {6–9},
  language = {fr},
  booktitle = {Banque, négoce et politique},
  booksubtitle = {Les Florentins à Lyon au moment des guerres d’Italie},
  address = {Paris},
  keywords = {prefpostface2017}
}
@incollection{baruch2017a2,
  author = {Baruch, Marc Olivier},
  title = {Présentation et préface},
  editor = {Cassou, Jean},
  publisher = {Sillage},
  date = {2017},
  language = {fr},
  booktitle = {La Mémoire courte},
  keywords = {prefpostface2017}
}
@incollection{beaur2017a2,
  author = {Beaur, Gérard},
  title = {Préface},
  editor = {Mignemi, Niccolo},
  publisher = {PUR},
  date = {2017},
  pages = {13–19},
  language = {fr},
  booktitle = {Coopératives et mondes agricoles},
  booksubtitle = {France et Italie (1880-1950)},
  address = {Rennes},
  keywords = {prefpostface2017}
}
@incollection{berlioz2017a,
  author = {Berlioz, Jacques},
  title = {Préface},
  editor = {Labbé, Thomas},
  publisher = {CNRS Editions},
  date = {2017},
  pages = {7–10},
  language = {fr},
  booktitle = {Les Catastrophes naturelles au Moyen Âge, XIIe-XVe siècle},
  address = {Paris},
  keywords = {prefpostface2017}
}
@incollection{canal2017a2,
  author = {Canal, Jordi},
  title = {Carlistas de carne y hueso},
  editor = {García-Sanz Marcotegui, Ángel and Ruiz Astiz, Javier},
  publisher = {Universidad Pública de Navarra},
  date = {2017},
  pages = {9–15},
  language = {es},
  booktitle = {Militares carlistas navarros (1833-1849)},
  address = {Pampelune},
  keywords = {prefpostface2017}
}
@article{jouhaud2017a2,
  author = {Jouhaud, Christian and Viala, Alain},
  title = {Préface},
  volume = {02},
  date = {2017},
  url = {http://journals.openedition.org/dossiersgrihl/6891},
  doi = {10.4000/dossiersgrihl.6891},
  language = {fr},
  journal = {Les Dossiers du Grihl},
  issuetitle = {A l'enseigne du Grihl. Quelques parcours en histoire du littéraire},
  address = {Paris},
  keywords = {prefpostface2017}
}
@incollection{schmitt2017a2,
  author = {Schmitt, Jean-Claude},
  title = {Préface},
  editor = {Malgouyres, Philippe},
  publisher = {Somogy. Editions d’art},
  date = {2017},
  pages = {6–9},
  language = {fr},
  booktitle = {Au fil des perles, la prière comptée},
  booksubttile = {Chapelets et couronnes de prières dans l’Occident chrétien},
  address = {Paris},
  keywords = {prefpostface2017}
}
@article{vincent2017a,
  author = {Vincent, Bernard},
  title = {Préface},
  editor = {Truchuelo, Susana and Reitano, Elmir},
  date = {2017},
  pages = {13–16},
  language = {es},
  journal = {Prologo a las fronteras en el mundo atlántico (siglos XVI-XIX)},
  address = {La Plata},
  keywords = {prefpostface2017}
}
